3155 4946
556 568 874 646 recipimus
917 570 1015 630 ‘et’
1058 567 1268 631 divites

556 675 619 730 et
662 674 1044 750 pauperiores
1067 718 1084 745 ,

554 788 704 850 quos
750 772 947 835 devoti
988 773 1262 835 monachi

553 870 854 938 dimittunt
894 883 1058 937 extra
1100 875 1281 938 tores.

1090 994 1140 1044 4.

549 1063 679 1137 Nos
722 1079 1042 1158 recipimus
1086 1079 1441 1142 monachum

550 1193 688 1238 cum
730 1195 863 1238 rasa
908 1196 1126 1240 corona
1145 1224 1164 1251 ,

550 1282 613 1338 et
653 1279 704 1342 si
746 1280 977 1339 venerit
1019 1280 1329 1359 presbyter

549 1395 687 1440 cum
729 1394 837 1440 sua
878 1387 1182 1455 matrona,

548 1481 896 1559 magistrum
939 1498 1077 1543 cum
1117 1485 1353 1561 pueris,

545 1581 739 1643 virum
783 1600 921 1645 cum
963 1603 1218 1664 persona
1234 1632 1252 1660 ,

547 1682 839 1746 scolarem
878 1685 1156 1751 libentius

543 1788 772 1847 tectum
812 1795 981 1850 veste
1020 1790 1194 1853 bons.

1081 1904 1113 1953 5

543 1970 983 2064 Marchiones,
1028 1992 1301 2065 Batnon-i,

542 2090 820 2151 Saxones
837 2136 856 2167 ,
897 2094 1239 2171 Autraka,

544 2196 839 2270 quotquot
880 2195 1057 2266 estis,
1103 2195 1334 2260 nobiles

542 2310 650 2355 vos
694 2310 908 2372 precor
949 2296 1216 2369 sodales,

544 2394 779 2455 auribus
822 2398 1109 2477 percipite

543 2513 726 2558 novas
770 2496 1128 2562 decretales:

546 2596 720 2676 quod,
747 2601 905 2660 avari
947 2610 1194 2680 pereant

544 2704 608 2758 et
648 2716 765 2760 non
808 2699 1102 2764 liberales.

1074 2818 1125 2871 Β.

545 2892 728 2962 Secta
768 2907 968 2964 nostra
1016 2907 1221 2986 recipit

542 3008 733 3065 iustos
779 3012 841 3063 et
880 3006 1165 3080 iniustos,

543 3102 782 3164 claudos
848 3106 1042 3183 atque·
1086 3107 1309 3173 debiles
1325 3158 1343 3185 ,

542 3205 709 3263 senio
754 3204 1106 3278 conbustus,

542 3305 837 3378 bellosos,
879 3309 1193 3385 pacificos,

540 3408 715 3468 mites
760 3412 820 3469 et
859 3409 1099 3473 insanos
1117 3458 1134 3485 ,

540 3510 817 3585 Boemos,
866 3513 1209 3576 Teutonicos
1223 3562 1240 3588 ,

538 3612 784 3672 sclavos
828 3617 890 3672 et
929 3615 1217 3679 Romanos
1232 3665 1249 3692 ,

541 3718 764 3794 stature
805 3713 1166 3790 mediocres,

542 3814 806 3893 gigantes
852 3820 913 3873 et
953 3833 1231 3893 gnanos,.

413 3966 419 3971 .
539 3919 600 3977 in
645 3917 915 3995 personis
957 3918 1237 3994 humiles,

542 4024 604 4077 et
648 4036 683 4079 e
727 4024 930 4079 contra
972 4037 1174 4083 vanos.
1224 4094 1229 4098 ,

1646 315 1774 385 252

2265 490 2316 543 7.

1731 563 1849 638 De
1901 577 2191 654 Vagam
2233 579 2445 640 ordino

1732 678 1863 739 dico
1905 679 2072 740 vobis
2114 682 2242 741 iura
2261 725 2279 751 ,

1732 800 1982 860 quorum
2024 784 2144 844 vita
2187 781 2398 843 nobilis

1732 882 1922 944 dulcis
1965 889 2061 943 est
2100 890 2344 956 natura,

1730 999 1984 1062 quorum
2024 983 2280 1045 delectat
2322 987 2547 1046 animos

1730 1087 1962 1164 pinguis
2008 1092 2271 1147 assatura
2287 1132 2303 1157 ‚

1728 1204 1935 1250 revera
1980 1189 2149 1267 ‘plus'
2190 1206 2369 1268 quam
2411 1189 2587 1252 faciat

1726 1286 1935 1348 hordei
1976 1306 2271 1350 mensura.

2261 1462 2296 1514 8

1727 1560 1893 1632 Ordo
1935 1579 2140 1635 noster
2182 1574 2457 1652 prohibet

1724 1675 2041 1735 matutinas
2084 1673 2275 1753 plane.

1723 1773 1878 1835 Sunt
1917 1774 2174 1858 quedam
2214 1775 2595 1851 fantasmata,

1724 1892 1842 1958 qup
1881 1882 2167 1954 vagantur
2210 1894 2417 1948 mane,

1720 1992 1830 2054 per
1872 1994 1990 2059 qup
2032 1977 2200 2038 uobis
2242 1980 2484 2041 veniunt

1720 2078 1979 2139 visiones
2019 2096 2207 2163 vane;

1722 2176 1831 2239 sed
1873 2181 1975 2258 qui
2018 2186 2159 2241 tunc
2201 2186 2555 2257 surrexerit,

1720 2298 1840 2341 non
1884 2287 1975 2342 est
2018 2285 2235 2344 mentis
2277 2301 2442 2369 sans.
2651 2270 2656 2275 ⁴

2257 2450 2308 2507 9.

1721 2549 1885 2623 Ordo
1930 2568 2138 2624 noster
2178 2567 2451 2644 prohibet

1718 2682 1959 2743 semper
1999 2669 2348 2742 matutinas3

1716 2763 1828 2826 sed
1869 2767 2071 2827 statim
2088 2811 2106 2840 ,
2151 2785 2288 2829 cum
2329 2773 2658 2851 surgimus,

1717 2867 2018 2949 quprimus
2060 2872 2320 2950 pruinas·
2533 2880 2537 2883 ”

1714 2965 1859 3029 Illuc
1902 2967 2042 3030 ferri
2083 2970 2333 3035 facimus

1715 3070 1920 3132 vinum
1960 3077 2024 3133 et
2065 3074 2340 3153 gallinas,

1715 3170 1796 3231 nil
1841 3170 1937 3232 hic
1981 3179 2425 3254 expavescimus

1713 3277 1919 3354 preter
1960 3273 2263 3339 Baalim-dn·
2305 3282 2511 3343 minas.

2238 3444 2320 3497 10.

1715 3532 1878 3603 Ordo
1923 3544 2132 3624 procul
2176 3544 2353 3611 dubio

1713 3653 1917 3705 noster
1959 3653 2125 3707 secta
2166 3658 2440 3725 vocatur,

1670 3746 1673 3749 ’
1714 3765 1889 3824 quam
1935 3747 2148 3811 diversi
2191 3757 2426 3829 generis

1710 3848 1964 3926 populus
2008 3857 2306 3914 sectatur:

1710 3968 1851 4028 ergo
1895 3950 1991 4011 hic
2035 3958 2097 4012 et
2137 3954 2249 4036 hec
2289 3962 2355 4017 et
2396 3959 2511 4020 hoc

1710 4047 1766 4110 ci
1807 4059 2196 4133 preponatur,

1710 4150 1869 4229 quod
1912 4154 1986 4213 sit
2030 4156 2220 4216 omnis
2265 4162 2499 4236 generis

1709 4253 1810 4330 qui
1851 4257 1944 4313 tot
1984 4253 2332 4335 hospitatur.
