3155 4946
1542 285 1761 376 '36

1702 478 1755 531 4.

976 551 1259 627 Attestnr
1275 609 1292 636 ,
1337 571 1644 628 contestor

977 687 1087 749 per
1127 665 1490 740 timendum,
1535 685 1646 747 per
1687 669 2063 732 tremendum

980 769 1137 833 diem
1180 769 1409 840 iudicii,
1456 774 1647 853 eterni
1685 772 1953 852 suplicii,

975 870 1134 932 diem
1174 873 1440 956 miserie,
1485 874 1766 952 perennis
1808 873 2072 960 tristitie,

977 975 1078 1055 qui
1121 972 1407 1036 ducturus
1451 980 1545 1037 est
1586 992 1694 1037 vos
1736 975 1796 1036 in
1839 976 2131 1039 infernum
2152 1024 2170 1051 ‚

974 1076 1302 1139 salvaturus
1346 1081 1437 1138 est
1482 1094 1595 1137 nos
1638 1076 1699 1138 in
1744 1083 2034 1160 eternum.

1689 1195 1744 1250 5.

973 1271 1096 1343 Per
1135 1299 1355 1344 nomen
1397 1281 1661 1349 mirabile
1703 1288 1883 1363 atque
1924 1283 2217 1347 ineffabile

969 1383 1079 1446 Dei
1121 1364 1667 1464 tetragramni'atnn,

969 1490 1036 1546 ut
1078 1485 1407 1565 expaveatis
1450 1493 1511 1547 et
1545 1485 1979 1566 perizon-reatin

969 1604 1078 1650 vos
1124 1591 1427 1660 exorcizo,
1470 1585 1692 1672 Lai-ve,
1736 1587 1951 1658 Fauni,
1994 1589 2240 1664 Manes,

967 1688 1273 1772 Nympbe,
1332 1690 1575 1773 Sirene.
1621 1689 2095 1763 ‘Hamadriades’‚

967 1791 1180 1872 Satyri,
1222 1790 1451 1864 incubi,
1492 1791 1776 1864 Penates,
2219 1802 2227 1810 “

968 1898 1034 1955 ut
1075 1894 1192 1954 cito
1236 1895 1453 1956 abeatis
1471 1940 1489 1966 ,
1534 1893 1716 1956 chaos
1755 1894 2057 1968 incolatis,

969 2011 1048 2055 ne
1092 2012 1195 2058 vas
1237 1997 1625 2075 eoi-rumpatis
1669 1996 2119 2061 christianitatis.

1690 2114 1743 2169 Β.

965 2189 1057 2262 Tu
1099 2218 1245 2273 noe,
1286 2200 1475 2274 Deus,
1520 2217 1875 2264 conservare
1917 2203 1989 2265 ab
2033 2202 2301 2266 hostibus
2343 2201 2619 2283 digneris.

964 2390 1192 2466 Amara
1235 2409 1392 2466 tanta
1434 2406 1541 2486 tyri
1586 2319 1789 2487 pastas
1833 2405 2065 2486 syealos
2108 2406 2341 2500 synaligi

969 2507 1223 2569 cellivoli
1265 2524 1494 2569 scarras
1537 2508 1700 2588 polili
1739 2509 2049 2590 posylique
2090 2501 2365 2590 iyvaffas.

1594 2881 1810 2954 LXIV.
1928 2899 1934 2906 ·

1577 3032 1683 3084 (iol.
1708 3031 1838 3086 885.)

1469 3147 1546 3200 De
1579 3145 1940 3200 sacerdotibus.

1088 3251 1133 3305 1.

551 3328 609 3403 0
652 3355 832 3420 quam
871 3337 1042 3401 fortis
1085 3344 1373 3401 armatura
1394 3382 1415 3411 ,
1613 3337 1626 3350 “
1727 3335 1822 3398 vel
1863 3334 2053 3397 altaris
2094 3340 2494 3414 mercatores,

551 3461 667 3526 qna
709 3441 953 3507 vestitur
992 3446 1186 3502 vestra
1229 3457 1368 3503 eura
1388 3485 1407 3513 ,
1725 3438 1888 3501 fures
1932 3437 2074 3499 estis
2089 3482 2108 3512 ,
2151 3455 2274 3500 nnn
2316 3444 2604 3519 pastores.

548 3543 687 3615 sed,
730 3544 784 3605 si
824 3542 979 3605 forte
1023 3548 1234 3605 eontra
1270 3543 1398 3605 iura
2259 3602 2296 3657 2

548 3645 774 3710 faciatis
790 3691 808 3717 ‚
855 3645 1102 3708 ruitura!
2298 3641 2316 3661 ⁶

546 3748 699 3812 Nota
742 3748 912 3810 vobis
955 3753 1050 3809 est
1091 3747 1416 3826 scriptura:
1723 3738 1816 3809 Tu
1860 3742 2140 3809 sacerdos
2181 3743 2297 3806 hue
2340 3742 2638 3825 responde

549 3867 689 3912 eum
735 3866 841 3910 vos
885 3848 1051 3910 fertis
1092 3848 1225 3911 Deo
1267 3848 1436 3911 thura
1724 3850 1895 3912 euius
1940 3863 2147 3908 manus
2190 3849 2329 3907 sunt
2367 3845 2704 3931 immunde,

549 3953 602 4016 si
642 3968 814 4013 mens
856 3955 1051 4012 vestra
1091 3967 1212 4013 non
1254 3951 1331 4012 sit
1369 3967 1544 4030 pura,
1724 3951 1823 4032 qui
1867 3949 2210 4029 frequenter
2252 3954 2315 4008 et
2353 3947 2608 4010 iocunde

547 4071 669 4116 non
712 4059 850 4115 sunt
889 4051 973 4113 illi
1013 4052 1313 4132 placitura.
1725 4070 1862 4115 eum
1907 4068 2090 4114 uxore
2135 4048 2357 4112 dormis
2372 4096 2390 4127 ,
2432 4048 2591 4120 unde

548 4155 841 4220 Castitatis
882 4159 1325 4233 contemptores
1724 4171 1976 4234 surgens
2019 4169 2192 4216 mane
2235 4152 2480 4213 missam
2521 4148 2668 4215 dicis
2683 4194 2704 4224 ‚

547 4259 604 4323 si
643 4274 753 4321 vos
794 4256 938 4319 estis
979 4261 1186 4318 eontra
1225 4271 1456 4326 mores,
1724 4271 1946 4336 eorpus
1987 4251 2104 4335 Xpi
2143 4250 2479 4326 benedicis,
