3155 4946
843 485 928 539 62.

322 571 746 668 ‘Tympanum,
793 588 1139 668 psalterium
1160 633 1177 660 ,

318 691 445 771 lyra
488 692 837 772 symphonia

321 800 519 867 sonat,
566 801 626 855 et
670 794 917 857 mirabili

323 895 547 976 plaudit
587 896 929 969 harmonia;

323 1005 538 1061 sonant
579 998 658 1060 ihi
702 998 898 1081 phiale

319 1119 470 1165 voce
515 1099 686 1163 valde
729 1103 856 1181 pia,

326 1210 387 1265 et
427 1203 617 1266 buxus
662 1200 969 1281 multiplici

325 1309 562 1366 cantum
607 1303 728 1365 edit
771 1302 899 1364 via.’

845 1468 927 1521 63.

326 1560 579 1638 ‘Sonant
621 1591 833 1636 omnes
876 1571 1186 1634 volucrum

324 1677 527 1760 lingue
568 1691 717 1737 voce
761 1674 967 1754 plena:

327 1795 439 1839 vox
483 1775 718 1839 auditur
758 1771 990 1857 merulo

332 1879 521 1942 dulcis
567 1885 628 1940 et
672 1894 917 1962 amena,

328 1980 639 2061 corydalus
683 1978 982 2059 garrulus,

327 2088 548 2154 turtur,
593 2072 958 2161 philomena,

330 2200 448 2268 que
493 2200 614 2245 non
658 2189 857 2246 cessat
898 2181 1186 2263 conqueri

328 2282 405 2345 de
446 2290 741 2348 transacta
783 2285 979 2369 pena?

851 2450 932 2506 64.

327 2539 747 2620 ‘Instrumento
787 2558 1020 2620 musico
1036 2602 1054 2630 ,

326 2657 573 2720 vocibus
617 2659 850 2720 canoris
869 2704 886 2732 ,

329 2765 452 2821 tam
495 2758 711 2821 diversi
754 2763 958 2838 specie

333 2858 727 2937 contemplata
768 2858 933 2924 floris
953 2907 970 2933 ,

331 2966 459 3022 tum
505 2960 705 3022 odoris
750 2965 934 3042 gratia

332 3061 697 3124 redundante
741 3059 886 3125 foris

332 3165 701 3226 coniectatur
741 3167 933 3227 teneri

328 3263 617 3327 thalamus
658 3263 935 3328 Amoris?

844 3427 925 3481 65.

329 3512 627 3608 ‘Virgines
667 3528 971 3591 introeunt

330 3628 566 3690 modico
598 3631 853 3713 timore,

329 3735 391 3792 et
432 3729 629 3792 eundo
674 3733 918 3811 propius

326 3825 604 3894 c'rescunt
643 3835 707 3894 in
748 3851 982 3919 amore;

324 3939 537 3995 sonant
581 3950 819 4018 queque
867 3935 1174 3998 volucrum

324 4037 563 4113 proprio
609 4055 875 4110 rumore,

324 4136 729 4200 accenduntur
772 4141 950 4201 animi

321 4239 483 4299 vario
528 4239 825 4303 clamore.'

1426 311 1549 384 163

2029 482 2115 538 66.

1502 571 1879 649 ‘Immortalis
1922 586 2092 648 fieret

1501 690 1583 751 ibi
1626 705 1871 751 manens
1915 688 2096 750 homo
2110 732 2128 759 ‚

1505 793 1679 856 arhor
1720 787 1808 853 ibi'
1844 788 2109 874 quelibet
2178 783 2183 787 ’

1505 915 1616 958 suo
1663 893 1880 974 gaudet
1923 909 2138 971 pomo,

1403 1048 1412 1055 .
1503 1000 1601 1082 vie
1646 994 1914 1075 myrrha,
1959 995 2232 1055 cinnamo

1504 1099 1766 1177 fragrant
1810 1104 1869 1159 et
1916 1114 2170 1159 amomo.

1510 1200 1846 1262 Coniectari
1890 1203 2125 1279 poterat

1403 1303 1410 1309 '
1507 1301 1784 1364 dominus
1828 1319 1899 1363 ex
1942 1299 2162 1361 domo!

2034 1469 2118 1522 67.

1510 1559 1755 1635 ‘Vident
1796 1572 2013 1639 choros
2056 1572 2336 1633 iuvenum

1510 1681 1574 1738 et
1617 1672 2062 1736 domicellamm
2081 1718 2099 1746 ‚

1512 1776 1880 1856 singulorum
1922 1791 2175 1854 corpora

1516 1894 1768 1957 corpora
1810 1875 2132 1939 stellarum.

1516 1980 1841 2059 capiuntur
1883 1977 2078 2039 subito

1514 2080 1697 2144 corda
1738 2079 2069 2161 puellarum

1512 2183 1577 2244 in
1616 2188 1783 2244 tanto
1826 2179 2111 2244 miraculo

1514 2299 1718 2346 rerum
1759 2281 2163 2345 novellarum!

2039 2452 2124 2507 68.

1516 2543 1775 2621 ‘Sistunt
1816 2573 2005 2636 equos
2048 2557 2268 2636 pariter
2285 2601 2303 2630 ‚

1515 2666 1579 2722 et
1621 2656 2025 2731 descendunt,
2069 2675 2224 2738 pene

1514 2761 1697 2847 oblite
1742 2761 2033 2842 propositi

1514 2881 1665 2926 sono
1710 2862 2029 2949 cantilenffi

1396 3013 1400 3018 .
1514 2964 1626 3027 sed
1669 2964 1901 3028 auditur
1942 2968 2162 3029 iterum

1514 3074 1725 3130 cantus
1767 3067 2106 3153 philomene
2121 3113 2138 3141 ,

1515 3173 1579 3229 et
1621 3168 1823 3229 statim
1865 3170 2131 3252 virginee

1512 3267 1889 3331 recalescunt
1931 3270 2125 3353 vene.²

2034 3426 2124 3484 69.

1509 3516 1711 3595 ‘Circa
1750 3532 1899 3615 silve
1944 3531 2206 3596 medium

1505 3634 1676 3696 locus
1721 3640 1816 3696 est
1858 3634 2129 3696 occultus
2148 3681 2165 3707 ‚

1505 3736 1608 3797 ubi
1649 3737 1810 3816 viget
1849 3738 2099 3798 maxime
2134 3785 2137 3790 .

1505 3854 1651 3898 suus
1696 3837 1810 3900 deo
1856 3838 2078 3912 cultus;

1503 3938 1687 4003 Fauni
1706 3988 1722 4014 ,
1768 3940 2071 4026 Nymphe‚
2117 3943 2340 4025 Satyri,

1505 4045 1819 4106 comitatus
1863 4047 2085 4110 multus

1500 4149 1941 4225 tympanizant,
1988 4152 2332 4225 concinunt,

1499 4252 1638 4307 ante
1682 4246 1780 4310 dei
1821 4248 2058 4313 vultus?

2090 4361 2159 4418 11
2185 4355 2217 4390 ⁸
