3155 4946
1705 319 1787 388 96

585 492 756 553 Iesus
797 509 991 569 respa·

719 580 872 667 Quia
913 588 1089 653 bodie
1133 591 1270 653 huic
1315 589 1516 654 domui
1557 591 1719 655 salus
1762 594 1913 657 tacta
1958 601 2082 667 est,
2127 613 2202 656 eo
2247 593 2406 674 quod
2448 602 2508 657 et
2534 602 2597 657 tu
2627 598 2709 658 sis
2738 595 2887 657 filius

799 692 1052 777 Abrahe.

584 796 757 856 Iesus
799 798 973 857 venit.

712 884 912 971 Quum
955 897 1480 978 appropinquaret,
1519 897 1589 959 ‘et
1631 916 1770 961 cum
1813 898 2090 962 audisset.

587 998 666 1060 Et
697 1003 880 1074 pueri
912 1007 1369 1076 prosternentes
1407 1003 1666 1079 frondes
1709 1011 1768 1065 et
1804 1012 2002 1065 vestes

715 1086 897 1162 Pueri
940 1099 1332 1183 Hebreorum.

592 1200 738 1263 Item
773 1206 971 1278 pueri.
1058 1202 1216 1264 Item.

720 1291 923 1365 Gloria
964 1304 1112 1365 laus.

598 1407 755 1465 Tunc
797 1410 999 1467 veniat
1037 1406 1401 1469 Pharisaeus
1442 1417 1504 1471 et
1541 1417 1713 1471 vocet
1750 1409 1947 1470 Iesum
1988 1411 2071 1470 ad
2109 1426 2386 1470 caenam:

719 1494 907 1579 Rabi,
951 1506 1110 1587 quod
1152 1508 1568 1588 interpretatur
1611 1511 1914 1590 magister,
1959 1516 2120 1590 peto,
2162 1517 2226 1572 ut
2253 1527 2489 1571 mecum
2531 1507 2709 1573 hodie
2752 1511 2895 1575 velis

809 1605 1181 1671 manducare.

592 1709 767 1769 Iesus
807 1727 951 1789 resp
986 1732 1004 1767 .-

717 1799 847 1871 Fiat
889 1817 954 1872 ut
995 1812 1210 1891 petisti.

597 1912 960 1975 pharisaeae
1002 1915 1163 1974 dicat
1200 1916 1283 1975 ad
1321 1931 1554 1976 servum
1568 1938 1589 1974 .-

720 2003 808 2075 Ite
840 2015 1028 2086 citius,
1058 2021 1399 2095 praeparate
1432 2015 1642 2078 sedilia
1672 2015 1746 2077 ad
1776 2034 2020 2078 mensae
2054 2017 2337 2087 convivia,
2367 2022 2433 2077 ut
2451 2016 2564 2076 sint
2584 2015 2894 2094 placentia.
3100 2080 3101 2099 2

595 2106 855 2177 Maria
896 2118 1365 2194 magdalena
1407 2124 1632 2179 carnee:
3096 2102 3101 2323 ⁴

644 2225 695 2278 ι.
721 2206 926 2278 Mundi
970 2215 1285 2278 delectatio
1897 2217 2010 2280 Pro
2056 2215 2354 2280 mundano
2396 2215 2607 2295 gaudio

723 2317 914 2380 dulcis
959 2323 1052 2378 est
1094 2325 1155 2379 et
1197 2324 1388 2398 grata,
1900 2320 2071 2381 vitam
2115 2318 2470 2390 terminabo,

722 2421 891 2482 cuius
935 2420 1297 2482 conversatio
1900 2422 2072 2484 bonis
2115 2419 2531 2499 temporalibus
3096 2358 3102 2486 Ι

721 2522 914 2584 suavis
959 2527 1020 2583 et
1063 2528 1282 2584 ornata.
1901 2541 2012 2602 ego
2056 2521 2330 2583 militabo.

723 2620 928 2686 Mundi
974 2629 1109 2684 sunt
1153 2622 1364 2705 delicie
1382 2668 1398 2693 ,
1899 2625 1993 2685 Nil
2038 2642 2252 2686 curans
2298 2623 2373 2684 de
2418 2624 2631 2683 ceteris

726 2724 937 2803 quibus
984 2729 1218 2807 estuare
1900 2744 2118 2806 corpus
2162 2724 2493 2805 procurabo
2514 2770 2530 2795 ,

723 2825 856 2888 volo
875 2868 892 2896 ,
936 2843 1050 2887 nec
1091 2825 1387 2887 lasciviam
1896 2829 2067 2889 variis
2112 2826 2407 2887 coloribus

724 2927 849 2988 eius
894 2929 1127 2990 evitare.
1896 2927 2038 2990 illud
2086 2927 2433 3007 perornabo.

601 3029 778 3088 Modo
821 3031 1002 3090 vadat
1041 3030 1103 3089 M
1120 3046 1159 3089 a
1174 3047 1209 3088 r
1223 3032 1245 3088 i
1259 3044 1298 3087 a
1340 3046 1468 3088 cum
1502 3029 1722 3104 puellis
1766 3031 1849 3089 ad
1888 3036 2277 3090 mercatorem
2318 3029 2612 3090 cantando
2627 3049 2647 3085 .-

724 3119 862 3189 Mihi
907 3128 1144 3200 confer,
1189 3124 1490 3197 venditor,
1898 3128 2092 3208 siquid
2131 3129 2313 3190 habes
2355 3130 2599 3207 insuper

725 3233 960 3311 species
1006 3227 1287 3291 emendas
1899 3228 2421 3293 odoramentorum

724 3351 833 3412 pro
876 3334 1058 3394 multa
1100 3332 1349 3411 pecunia
1899 3349 2034 3394 nam
2080 3331 2213 3395 volo
2257 3347 2591 3410 perungere

727 3435 825 3495 tibi
869 3436 986 3497 iam
1028 3432 1359 3505 reddenda,
1901 3450 2117 3512 corpus
2160 3432 2276 3493 hoc
2322 3431 2625 3493 decorum.

598 3539 988 3598 Mercator
1032 3542 1257 3596 cantet.-

727 3628 924 3706 Ecce,
969 3650 1204 3695 merces
1249 3636 1501 3717 optime!
1897 3634 2012 3717 hec
2057 3638 2194 3694 sunt
2236 3631 2567 3715 odorifere,

727 3739 1007 3816 Prospice
1053 3737 1336 3796 nitorem!
1900 3752 2045 3814 quas
2088 3736 2140 3795 si
2184 3732 2628 3814 ‘conprobabis',

724 3840 854 3923 Hec
897 3838 998 3899 tibi
1042 3839 1395 3899 conveniunt
1902 3836 2164 3914 corporis
2210 3833 2568 3913 flagrantiam

728 3941 802 4002 ad
844 3941 1034 4001 vultus
1080 3937 1394 4009 decorem;
1903 3953 2142 3997 omnem
2185 3936 2504 4014 superabis.

602 4045 853 4103 Maria
895 4040 1382 4115 Maydalena:

806 4148 861 4201 2.
910 4130 1231 4212 Chramer,
1276 4143 1370 4220 gip
1416 4139 1511 4201 die
1554 4157 1746 4203 varwe
1789 4141 1899 4201 mir

907 4240 1005 4301 diu
1051 4241 1167 4301 min
1216 4241 1433 4318 wengel
1481 4248 1647 4303 roete
1668 4286 1685 4311 ‚
