3155 4946
1383 335 1500 401 179

804 508 926 569 Der
970 505 1196 568 winder
1239 505 1347 568 der
1387 506 1600 568 heiden

797 615 885 669 tet
929 607 1176 669 senediu
1221 615 1354 681 not,

800 708 908 780 der
948 711 1027 770 ist
1066 727 1147 770 nn
1191 726 1527 791 pergangen
1543 755 1559 780 ‚
1807 792 1811 795 ¹

797 812 849 870 si
892 812 972 872 iat
1014 809 1421 872 wnnneehlieh
1461 809 1767 887 bevangen

787 930 904 973 von
944 905 1183 972 hlflmen
1227 918 1335 973 rot

1347 1130 1507 1206 101.

1309 1246 1334 1295 (
1349 1243 1425 1287 eol.
1449 1245 1546 1295 57.)

353 1356 360 1363 .
822 1316 865 1365 1.

274 1390 444 1460 Vnus
487 1399 608 1483 leta
650 1400 832 1462 facies

272 1502 493 1564 mundo
536 1503 904 1581 propinatur,

271 1604 540 1664 hiemalis
582 1605 742 1664 aeiea

272 1708 425 1767 victa
465 1707 585 1765 iam
625 1703 892 1784 fugatur,

273 1808 333 1866 in
378 1807 594 1867 vestitu
637 1807 799 1866 vario

268 1905 504 1989 Phebns
549 1907 911 1984 principatur
929 1951 946 1976 ,

273 2025 587 2070 nemorum
629 1996 934 2068 dulcisone

273 2111 375 2187 qui
420 2113 599 2168 cantu
643 2107 987 2168 celebratur.

811 2223 859 2274 2.

270 2303 447 2395 Flore
488 2310 658 2371 fusus
701 2311 926 2388 gremio

266 2415 503 2500 Phplma
546 2430 698 2473 nevo
741 2428 907 2471 more

265 2519 451 2579 risum
496 2514 597 2577 dat
610 2560 627 2587 ,
670 2514 785 2575 hoc
827 2514 985 2576 vario

262 2620 382 2680 iam
425 2615 711 2694 ‘stipatur’
754 2614 902 2675 flore

264 2718 571 2798 Zephyrus
615 2722 894 2777 nectareo

266 2822 495 2898 spirans
535 2820 600 2879 in
641 2815 858 2888 odore;

267 2921 534 2980 certatim
576 2934 691 2995 pro*
726 2916 924 2977 bravio

267 3036 568 3081 curramus
611 3020 674 3080 in
717 3020 970 3080 ‘amore’.

1154 3174 1332 3183 ——

1884 1320 1889 1325 ’
1993 1311 2041 1364 3.

1451 1391 1773 1462 Litteratoa
1816 1405 2100 1462 convocat

1451 1502 1638 1563 (leena
1680 1501 1988 1578 virginale,

1450 1604 1737 1664 laieorum
1781 1607 2017 1662 execrat

1443 1708 1660 1782 pectus
1701 1700 1978 1762 bestiale:

1450 1810 1697 1866 cunctos
1742 1821 1909 1865 amor
1951 1805 2155 1865 incitat

1449 1895 1558 1987 per
1600 1907 1768 1968 iubar
1811 1905 2057 1989 estivale
2072 1953 2089 1978 ,

1448 2009 1654 2070 Venus
1697 2026 1765 2070 ae
1810 2009 2208 2069 cammunicat

1449 2127 1558 2188 per
1600 2125 1820 2170 nomen
1863 2106 2158 2190 generale.

1990 2226 2038 2276 4.

1449 2304 1790 2392 cytharizat
1831 2313 2058 2371 cantico

1445 2413 1636 2476 dulcis
1679 2411 2012 2491 philomena
2025 2457 2042 2483 ,

1444 2515 1593 2577 flore
1635 2514 1828 2576 rident
1868 2515 2028 2576 vario

1443 2622 1610 2695 prata
1650 2617 1772 2676 iam
1814 2631 2024 2675 serena
2040 2659 2057 2685 ‚

1441 2717 1576 2778 salit
1618 2715 1823 2798 ‘cetus’
1867 2717 2062 2777 avium

1443 2818 1592 2901 silve
1635 2834 1745 2896 per
1784 2835 2026 2900 amena,

1441 2921 1660 2981 chorus
1703 2920 1918 2998 promit
1962 2920 2245 2998 virginum

1439 3023 1558 3083 iam
1602 3019 1811 3099 gaudia
1854 3020 2109 3082 millena.

1294 3268 1431 3340 101
1480 3291 1541 3342 a.

1298 3380 1399 3430 (ron.
1424 3380 1520 3430 29.)

772 3458 841 3530 In
884 3466 1096 3531 liehter
1137 3486 1331 3531 varwe
1375 3475 1491 3529 stat
1531 3468 1642 3529 der
1683 3466 1818 3529 walt
1837 3513 1853 3538 ,

774 3568 883 3630 der
922 3568 1133 3648 vogele
1176 3570 1338 3633 achal
1381 3587 1462 3631 nu
1507 3565 1691 3630 d6net
1706 3614 1722 3639 ,

769 3670 868 3733 diu
911 3677 1112 3733 w¹¹nne
1154 3673 1234 3732 iat
1273 3670 1516 3734 worden
1558 3670 1910 3733 maniehvalt
1925 3717 1941 3742 ‚

769 3773 876 3835 dea
920 3776 1118 3839 meien
1161 3771 1419 3852 tugende
1463 3767 1714 3834 ehrfinet

769 3875 974 3937 senide
1018 3873 1209 3946 liebe3
1254 3892 1377 3936 wer
1423 3891 1581 3936 were
1626 3873 1738 3945 alt,

770 3974 844 4036 da
886 3975 978 4036 sih
1021 3974 1121 4036 din
1167 3976 1248 4055 eit
1289 3992 1360 4036 ao
1403 3969 1653 4035 sehfinet
1666 3972 1698 4033 ⁴?

765 4077 887 4139 Her
928 4080 1084 4139 meie
1103 4123 1120 4149 ‚
1164 4080 1226 4138 iu
1258 4060 1347 4137 ist
1390 4076 1498 4138 der
1536 4076 1660 4136 bris
1705 4075 1929 4154 geealt,

770 4177 878 4239 der
918 4177 1143 4239 winder
1184 4179 1237 4238 si
1281 4172 1556 4256 gehfinet.

2022 4335 2137 4392 12*
