3155 4946
1406 377 1490 443 89

301 548 572 615 Herodes
614 550 1007 625 respondeat:
1916 542 1933 557 ⁴
2048 542 2083 575 ⁵*

304 655 399 707 3ο.
427 639 522 708 Ne
566 649 679 709 sim
720 666 828 710 vos
870 647 1201 728 impediens
1606 658 1671 712 ut
1714 659 1775 713 et
1819 669 1929 731 ego
1973 654 2220 714 veniens

426 749 499 810 ad
543 751 636 832 vie
680 751 1077 828 propositum,
1605 769 1820 814 munus
1864 753 2045 813 feram
2092 751 2351 813 debitum

423 852 535 924 ite,
581 849 653 912 ed
697 868 807 911 nos
852 860 1060 930 postea
1608 836 1694 924 ei,
1739 855 1833 914 cui
1875 872 1993 915 non
2039 855 2266 932 ambigo

429 959 790 1014 maturantes
834 952 1119 1025 reditum,
1606 953 1887 1014 mundum
1933 954 2062 1016 fore
2105 953 2416 1015 subditum.

300 1071 383 1128 Ab
425 1070 661 1130 Herode
719 1072 1025 1132 discedant
1079 1075 1203 1133 tres
1258 1077 1416 1149 maqi
1468 1073 1758 1149 paulatim
1813 1077 2191 1147 inspicientes
2253 1046 2483 1133 stellam
2539 1082 2601 1134 et

385 1174 748 1246 disputantes
803 1177 877 1235 de
935 1174 1042 1235 illa
1058 1220 1075 1249 ‚
1135 1176 1367 1233 interim
1408 1174 1457 1232 A
1472 1190 1513 1233 n
1527 1190 1613 1248 qe
1628 1174 1652 1232 1
1660 1190 1745 1233 us
1806 1180 2106 1247 appareat
2139 1173 2483 1248 pastoribus
2543 1180 2603 1232 et

383 1276 545 1333 dicat
557 1297 574 1332 .-

206 1392 212 1398 ·
307 1364 702 1453 31.Magnum
742 1375 906 1436 vobis
950 1373 1252 1454 gaudium,
1607 1390 1783 1451 quem
1827 1371 2072 1434 ‘mulier'
2120 1391 2239 1435 non
2284 1375 2513 1456 peperit

423 1482 693 1554 pastores
719 1521 736 1546 ,
780 1478 1090 1536 annuntio:
1605 1474 1819 1534 carnali
1865 1475 2255 1545 commercio,

426 1554 588 1635 Deos
632 1593 700 1635 se
746 1575 1130 1636 circumdedit
1602 1576 1786 1635 immo
1829 1576 1992 1653 virgo
2033 1593 2391 1653 permanens

427 1678 619 1736 camis
664 1682 862 1759 vestre
906 1676 1111 1755 pallio,
1609 1684 1794 1738 mater
1838 1685 1930 1737 est
1973 1695 2043 1738 ex
2086 1678 2221 1738 filio.

295 1793 637 1853 Pastoribus
683 1796 950 1854 euntibus
994 1796 1152 1855 dicat
1191 1796 1245 1854 D
1260 1797 1376 1855 iab
1392 1798 1561 1857 olus
1580 1818 1598 1853 .-

300 1901 395 1954 32.
425 1885 513 1954 Tu
558 1912 633 1954 ne
679 1893 887 1955 credas
931 1896 1175 1966 tumme,
1604 1895 1776 1967 Quod
1820 1898 1906 1957 sic
1948 1899 2010 1957 in
2055 1899 2335 1980 presepio

419 2002 723 2073 pastorum
766 1997 1136 2075 simplicitas!
1603 2000 1676 2058 sit
1720 1997 1949 2077 sepulta
1994 1998 2212 2067 deitas,

413 2097 588 2169 ‚Scias
635 2113 771 2156 esse
814 2095 1050 2167 frivola,
1602 2102 1775 2159 nimis
1822 2107 1914 2160 est
1957 2098 2030 2160 ad
2076 2099 2313 2161 oculum

411 2186 537 2280 'que
581 2216 700 2258 non
745 2200 952 2280 probat
996 2203 1218 2262 veritas.
1604 2207 1863 2262 reserata
1906 2200 2141 2262 falsitas,

292 2318 507 2377 Iterum
547 2320 887 2391 pastoribus
933 2321 1017 2380 ad
1055 2325 1346 2397 neyotium
1398 2338 1566 2381 suum
1609 2320 1988 2379 redeuntibus
2040 2322 2202 2381 dicat
2252 2336 2345 2380 an
2357 2319 2603 2397 yetus:

303 2427 397 2480 33.
423 2409 737 2492 Pastores,
779 2423 1009 2504 querite
1395 2493 1406 2504 ἢ
1601 2420 1726 2480 Nec
1771 2436 1933 2481 mora
1977 2422 2172 2482 veniat

423 2527 624 2581 natum
666 2522 725 2579 in
768 2523 1080 2605 presepio,
1600 2524 1695 2582 isti
1741 2521 2020 2593 consilio,

422 2628 482 2682 et
522 2629 725 2684 votum
767 2626 976 2686 solvite
1600 2622 1710 2684 scd
1754 2641 1857 2684 vos
1902 2623 2017 2684 huc
2064 2623 2270 2702 dirigat

421 2725 591 2784 metri
636 2742 771 2785 cum
814 2725 953 2786 filio.
1600 2727 1815 2785 mentis
1863 2724 2114 2788 devotio.

174 2864 214 2889 ι·
292 2835 509 2901 Iterum
547 2844 889 2916 pastoribus
932 2845 1305 2914 abeuntibus,
1349 2847 1509 2905 dicat
1548 2842 1921 2904 Diabolus
1963 2845 2045 2903 ad
2085 2861 2272 2904 aures
2317 2861 2519 2905 eorum
2533 2868 2551 2904 .-

297 2950 393 3005 34.
422 2934 689 3023 Simplex
733 2951 937 3026 cetus,
982 2946 1182 3022 aspice
1207 2989 1223 3014 ,
1592 2950 1775 3022 utque
1819 2961 1925 3005 sua
1970 2944 2273 3005 ‘fallerent'

419 3043 605 3122 qualis
650 3045 860 3105 astutia
1595 3047 1763 3120 nugis
1807 3043 2144 3122 mendacia,

419 3146 578 3216 eius,
623 3146 723 3222 qui
767 3146 854 3207 sic
896 3145 1131 3207 fabricet
1592 3149 1651 3209 in
1696 3146 2017 3225 ‘rhythmis’
2066 3148 2338 3208 conciliat

417 3264 561 3308 vero
607 3248 923 3320 contraria,
1597 3267 1716 3333 que
1762 3249 1986 3328 profert
2029 3250 2242 3309 omnia.

290 3366 586 3426 Miremur
624 3382 665 3439 p
682 3373 850 3427 asto
866 3384 998 3427 res
1042 3374 1102 3427 et
1140 3385 1292 3429 unus
1338 3371 1496 3429 dicat
1536 3371 1619 3430 ad
1658 3369 1908 3430 alterum
1924 3389 1941 3424 .-

294 3473 389 3526 35.
416 3456 701 3545 Nunquid
745 3467 922 3528 irater
967 3468 1186 3547 colligit
1595 3461 1797 3529 verum
1840 3469 1902 3527 in
1947 3469 2320 3528 contrarium.

420 3587 490 3630 ea
537 3585 656 3651 que
701 3567 917 3630 audio?
1594 3568 1684 3629 Ab
1731 3569 1844 3629 hoc
1887 3570 2182 3647 suscipio,

417 3669 692 3751 Quedam
734 3688 845 3732 vox
886 3672 1141 3733 insinuat
1595 3669 1756 3749 quod
1801 3668 1994 3730 audita
2037 3668 2303 3729 resident

415 3770 490 3831 de
535 3779 672 3833 nato
718 3772 836 3833 filio
1592 3773 1788 3831 iuncta
1833 3767 2160 3830 mendacio.

286 3891 465 3968 Dicat
505 3895 714 3951 iterum
754 3892 992 3967 Δημοῖ
1001 3908 1084 3951 us
1126 3892 1210 3951 ad
1245 3898 1560 3966 pastores:
1634 3949 1635 3952 ,

293 3983 542 4053 36.Cur
583 4008 701 4052 non
746 4009 919 4053 aures
962 3992 1182 4052 vertitis
1587 3991 1677 4052 Ne
1722 4009 1826 4051 vos
1872 4008 2037 4051 error
2080 3989 2283 4051 induat

414 4091 486 4153 ad
534 4092 690 4153 hunc
736 4094 860 4154 veri
902 4090 1209 4155 nuntium?
1588 4099 1831 4173 propter
1876 4091 2289 4154 adversarium.

414 4191 570 4263 Quis
604 4199 697 4255 est
736 4196 851 4255 iste
896 4192 1177 4255 subdolus
1586 4192 1704 4266 lte,
1748 4210 1883 4254 nam
1929 4192 2092 4272 quod
2133 4192 2380 4275 predico

415 4298 645 4356 vertens
687 4312 794 4356 vos
836 4295 896 4355 in
944 4293 1223 4358 devium?
1588 4295 1934 4356 monstrabit
1972 4294 2332 4377 presepium.
