3155 4946
1371 225 1454 294 23

255 378 391 443 dico
431 381 560 443 tibi:
605 398 725 442 non
767 379 1003 441 intrabis
1045 381 1107 441 in
1152 377 1425 459 gaudium
1472 379 1691 442 domini
1721 381 1836 455 tui,
1881 379 2074 442 donec
2103 377 2337 442 dederis
2367 382 2562 443 novis·

267 482 484 544 simum
526 480 931 562 quadrantem.

424 582 656 663 Pauper
699 600 842 644 vero
885 583 1022 643 abiit
1065 588 1129 643 et
1183 580 1446 645 vendidit
1501 584 1739 665 pallium
1782 591 1844 645 et
1885 585 2144 646 tualeam
2188 591 2250 647 et
2289 584 2563 645 unIversa

257 702 377 769 que
423 685 652 755 habuit,
721 690 782 747 et
838 683 1001 745 dedit
1054 683 1441 747 cardinalibus
1501 691 1561 747 et
1602 686 1897 748 hostiariis
1935 692 2002 748 et
2042 686 2397 750 camerariis.
2485 681 2564 746 At

249 785 332 847 illi
380 786 684 857 dixerunt;
727 785 799 846 Et
840 785 957 847 hoe
1000 785 1144 865 quid
1184 792 1280 848 est
1319 788 1474 849 inter
1515 785 1756 893 taptos?
1798 787 1870 848 Et
1912 789 2218 849 eiecerunt
2259 804 2397 848 eum
2425 792 2562 848 ante

249 888 448 959 fores,
493 894 555 949 et
598 904 878 966 egressus
922 886 1079 948 foras
1124 886 1287 949 flevit
1329 905 1525 950 amare
1568 895 1630 950 et
1671 906 1793 950 non
1822 887 2043 951 habens
2075 888 2563 950 consolationem

249 989 464 1050 Postea
506 990 666 1051 veuit
706 987 783 1050 ad
825 990 1050 1051 curiam
1094 988 1333 1068 quidam
1395 989 1645 1052 clericus
1701 988 1865 1052 dives
1922 991 2316 1062 incrassatus,
2371 989 2565 1069 inpin-

247 1096 459 1171 guatus
481 1135 498 1162 ,
545 1088 845 1163 dilatatus,
893 1091 994 1178 qui
1035 1096 1279 1170 propter
1325 1088 1678 1154 seditionem
1708 1090 1931 1154 fecerat
1970 1090 2369 1154 homicidium.
2455 1088 2565 1152 llic
2660 1111 2665 1115 ·

247 1193 445 1271 primo
491 1190 652 1252 dedit
694 1191 1019 1273 hostiario,
1068 1191 1340 1253 secundo
1384 1194 1736 1264 camerario,
1778 1192 1954 1254 tertio
1998 1192 2403 1255 cardinalibus.
2488 1192 2565 1252 At

248 1293 331 1356 illi
394 1294 648 1356 arbitrati
691 1299 832 1356 suut
868 1296 1020 1356 iuter
1067 1311 1206 1364 eos,
1262 1294 1425 1374 quod
1482 1300 1685 1357 essent
1724 1295 1859 1376 plus
1902 1297 2217 1376 accepturi.
2301 1291 2564 1358 Audiens

254 1384 448 1457 autem
497 1393 768 1458 dominus
811 1395 968 1478 Papa
997 1394 1325 1458 cardinales
1370 1402 1430 1459 et
1471 1399 1772 1460 ministros
1817 1397 2063 1478 plurima
2097 1396 2252 1461 dona
2282 1415 2315 1459 a
2341 1396 2559 1459 clerico

251 1500 561 1577 accepisse
602 1497 925 1566 infirmatus
969 1504 1061 1559 est
1103 1515 1295 1578 usque
1341 1497 1415 1559 ad
1446 1505 1729 1559 mortem.
1816 1498 1993 1562 Dives
2050 1516 2194 1563 vero
2252 1499 2413 1561 misit
2453 1498 2563 1560 sibi

252 1594 637 1662 electuarium
680 1616 925 1661 aureum
983 1605 1044 1660 et
1102 1605 1475 1678 argenteum,
1535 1607 1598 1662 et
1654 1601 1849 1662 statim
1904 1608 2145 1663 sanatus
2201 1608 2309 1662 est.
2393 1599 2563 1664 Tunc

257 1699 527 1763 dominus
569 1700 724 1781 Papa
780 1699 854 1762 ad
907 1719 975 1762 se
1032 1702 1261 1765 vocavit
1325 1700 1651 1764 cardinales
1707 1708 1767 1763 et
1810 1703 2110 1765 ministros
2154 1708 2215 1764 et
2258 1701 2393 1764 dixit
2438 1704 2558 1764 eis:

259 1800 515 1875 Fratres,
557 1803 782 1876 videte,
828 1820 907 1864 ne
937 1800 1147 1883 aliquis
1180 1820 1285 1864 vos
1327 1802 1574 1865 seducat
1614 1803 1880 1865 inanibus
1921 1805 2150 1883 verbis..
2215 1803 2560 1883 Exemplum

258 1905 412 1966 enim
455 1904 533 1967 do
573 1907 771 1976 vobis,
817 1911 881 1966 ut
923 1903 1424 1982 quemadmodum
1467 1922 1583 1985 ego
1626 1906 1825 1984 capio,
1868 1907 1946 1967 ita
1990 1912 2051 1967 et
2091 1923 2203 1979 vos
2246 1907 2504 1986 capiatis.

1284 2149 1429 2222 XXI
1457 2170 1517 2221 a.

1286 2275 1391 2327 (tot.
1418 2275 1550 2326 111³.)
1941 2288 2153 2342 venus,

458 2406 657 2483 Roma
701 2421 908 2483 ‘tenes’
953 2436 1180 2482 morem
1225 2417 1485 2482 nondum
1530 2421 1729 2482 satiata
1771 2418 2031 2500 priorem

461 2521 693 2584 donans
738 2522 1015 2594 donanti,
1058 2528 1286 2602 partem
1330 2521 1477 2584 dans
1519 2522 1918 2601 participanti3

464 2622 571 2685 aed
614 2625 796 2686 miser
835 2625 1098 2685 inmunis
1142 2628 1453 2695 censetur,
1496 2638 1635 2685 eum
1682 2624 1814 2703 quia
1857 2624 2053 2703 punis.

459 2731 792 2820 Accipe,
837 2757 1078 2810 sume,
1125 2757 1311 2820 cape
1353 2741 1645 2834 tria'sunt
1685 2741 2007 2819 gratissima
2049 2740 2242 2826 pape,

378 2851 413 2903 5
459 2842 565 2904 nil
607 2841 730 2915 do,
774 2840 882 2903 nil
924 2847 1186 2926 presto
1228 2848 1534 2921 nequeunt
1573 2857 1924 2911 succurrere
1965 2848 2180 2926 mesto.

461 2951 533 3022 Sl
576 2959 814 3022 dederis
856 2975 1111 3031 marcas,
1156 2964 1218 3020 et
1257 2960 1344 3020 eis
1387 2957 1723 3058 impleveris
1766 2976 1932 3022 arcas
1947 3003 1966 3030 ,

461 3063 635 3144 culpa
677 3061 926 3125 solveris
972 3076 1342 3141 quacumque
1382 3058 1590 3154 ligatus
1633 3060 1877 3123 haberis.

464 3171 606 3245 Non
647 3182 824 3272 igitur
865 3197 1055 3242 nosco
1073 3225 1092 3253 ,
1137 3180 1401 3264 quamvis
1445 3194 1815 3259 cognoscere
1858 3196 2078 3260 posco,

309 3371 321 3380 ,
460 3289 531 3362 In
574 3318 694 3382 quo
736 3301 960 3381 papalis
1000 3317 1100 3363 res
1145 3298 1322 3361 distet
1363 3305 1425 3361 et
1451 3299 1806 3396 imperialis.

340 3425 412 3480 ιο
465 3408 600 3490 Rex
641 3418 778 3481 facit
819 3417 1141 3488 audenter,
1185 3401 1464 3488 dominus
1487 3398 1613 3480 sed
1655 3436 1807 3500 papa
1844 3418 2126 3490 latentem

460 3538 566 3584 rex
607 3521 766 3601 capit
806 3525 1114 3599 argentum
1129 3563 1148 3590 ‚
1191 3530 1519 3582 marcarum
1560 3519 1739 3581 millia
1783 3525 2021 3581 centum
2037 3564 2055 3591 ,

463 3623 644 3687 efficit
683 3622 800 3683 hoe
840 3621 1003 3683 idem
1042 3636 1330 3700 paparum
1372 3615 1531 3683 curia
1571 3620 1820 3702 pridem.

430 3715 626 3823 ’Ergo
669 3744 797 3825 pari
830 3757 999 3826 'pena
1041 3740 1340 3820 capientes
1384 3739 1473 3801 sic
1495 3738 1703 3802 .aliena

467 3844 1015 3914 condemnabuntur
1034 3886 1053 3914 ‚
1097 3840 1258 3923 quod
1301 3840 1559 3904 Simonis
1604 3847 1731 3903 acta
1774 3845 2075 3903 secuntur.

228 3967 233 3970 ’
338 3971 413 4029 1³
469 3956 650 4028 Curia
690 3964 955 4027 Romana
997 3981 1119 4026 non
1162 3962 1359 4045 querit
1399 3978 1575 4056 ovem
1614 3961 1749 4022 sine
1793 3959 1940 4022 lana.

339 4091 410 4143 ιθ
465 4074 661 4148 Roma
701 4103 910 4150 manus
954 4083 1141 4156 rodit,
1186 4084 1236 4145 si
1280 4081 1493 4146 rodere
1537 4099 1661 4144 nou
1705 4078 1887 4150 valet,
1929 4074 2066 4139 odit.
