3155 4946
997 528 1080 582 ²1.

476 625 641 697 Flete
683 634 1046 697 amarissime

479 753 687 798 omnes
730 733 1029 795 auditores
1046 778 1063 805 ,

476 839 670 918 magni
713 842 888 917 atque
931 837 1153 897 minimi
1170 882 1187 907 ,

477 939 687 1001 fratres
729 943 789 999 et
830 954 1071 999 sorores
1087 981 1104 1009 ,

475 1046 695 1102 mutate
736 1042 798 1102 in
839 1042 1051 1104 melius

474 1146 651 1207 vitam
693 1150 873 1224 atque
913 1162 1111 1206 mores
1131 1189 1149 1216 ‚

474 1262 612 1306 nam
654 1244 729 1307 de
775 1247 910 1330 celo
953 1246 1236 1325 prospicit

477 1345 637 1408 Deus
681 1353 1045 1427 peccatores.

994 1497 1076 1549 22.

474 1591 594 1664 Dat
633 1601 863 1682 flagella
906 1603 1129 1680 impiis,

472 1705 637 1783 punit
679 1703 1089 1784 delinquentes
1107 1748 1124 1774 ,

473 1811 534 1866 et
573 1823 684 1886 per
723 1812 959 1885 tempus
1003 1806 1239 1884 corrigit

471 1907 646 1969 stulta
686 1911 1101 1990 presumentes
1118 1948 1135 1975 ‚

471 2007 722 2070 humiles
764 2005 1078 2085 glorificat,

473 2109 651 2171 deicit
693 2112 969 2188 potentes
986 2152 1004 2178 ,

477 2211 684 2290 recipit
724 2217 789 2271 ut
831 2207 982 2270 filios

472 2310 647 2392 digne
687 2312 1044 2395 ppnitentes.

990 2456 1076 2511 23.

472 2556 578 2627 Sic
620 2566 798 2626 iratus
839 2563 1127 2625 Dominus

472 2665 768 2747 quondam
809 2662 1048 2726 israheli

468 2768 735 2830 iudicans
779 2767 851 2828 ‘e'
895 2765 1145 2827 nubibus

469 2875 531 2930 et
574 2868 648 2931 de
692 2869 808 2930 alto
851 2867 970 2951 celi

1006 3530 1028 3578 1

469 3604 835 3678 Dausaron
877 3609 1130 3673 mundus
1173 3629 1353 3691 pomo
1370 3658 1387 3685 ,

470 3703 631 3795 quod
671 3712 928 3776 comedit
967 3714 1191 3793 primus
1235 3712 1443 3786 hom03

467 3818 899 3879 demonstratur
938 3816 1107 3877 nobis
1153 3815 1353 3877 ‘tomo'
1372 3860 1390 3888 ‚

468 3916 628 3998 quod
670 3918 960 3996 privamur
1003 3921 1202 3978 nostra
1247 3915 1442 3978 domo.
1499 3926 1504 3932 '

406 4245 415 4256 ·
463 4221 828 4284 Hierusalem
872 4228 935 4283 et
976 4220 1145 4284 Geon'
1162 4267 1178 4294 ‚

463 4322 720 4384 mundus
761 4321 951 4401 plorat
993 4330 1054 4385 et
1095 4323 1258 4384 Sion.

1591 383 1674 450 32

1656 622 1891 685 archam
1933 627 2270 687 testamenti

1652 740 1943 787 accensus
1982 726 2119 806 igno
2161 727 2273 789 zeli

1652 823 1961 888 tradidisse
2004 827 2213 908 legitur

1654 927 1877 1006 populo
1922 928 2167 991 crudeli.

2175 1079 2258 1132 24.

1654 1178 1782 1251 Sed
1827 1196 1890 1252 et
1931 1194 2199 1272 quamvis
2240 1193 2456 1255 viribus

1652 1291 1769 1375 hec
1809 1293 2087 1371 putabant
2129 1301 2289 1366 acta,

1652 1398 1793 1453 sunt
1834 1393 2103 1474 conpulsi
2149 1395 2424 1475 plangere

1651 1493 1849 1554 statim
1891 1511 1998 1557 sua
2040 1496 2224 1567 facta;
2471 1482 2490 1506 '

1651 1603 1976 1673 coegerunt
2017 1595 2272 1659 reddere

1653 1709 1899 1757 munera
1943 1699 2092 1759 cum'
2124 1715 2291 1771 arca,
2397 1696 2428 1765 j
2621 1694 2636 1707 ‘

1651 1811 1787 1856 nam
1826 1795 2061 1859 illorum
2104 1801 2332 1861 viscera
2417 1810 2438 1833 '-

1653 1895 1885 1960 stabant
1922 1898 2261 1978 putrefacta.

2172 2048 2257 2101 25.

1656 2149 2083 2223 Convertamur
2125 2163 2329 2241 igitur,

1655 2265 1715 2321 et
1754 2262 2159 2344 peniteamus,

1652 2362 1804 2423 mala
1848 2379 1970 2448 que
2012 2367 2395 2427 conmisimus

1651 2461 1795 2527 fletu
1840 2463 2145 2531 deleamus
2161 2513 2178 2539 ,

1652 2571 1827 2645 atque
1868 2566 1996 2629 Deo
2040 2586 2284 2631 munera

1651 2665 1823 2747 digne
1867 2666 2214 2741 offeramus,

1648 2773 1716 2829 ut
1755 2766 2018 2847 placatus
2059 2767 2311 2831 lacrimis

1650 2867 1833 2930 donet
1878 2867 2038 2948 quod
2080 2883 2372 2950 rogamus.

1390 3101 1857 3113 -——-—————————

1492 3281 1740 3358 XXVII.

1476 3422 1591 3473 ’(ὼΙ.
1619 3424 1754 3476 lob.)
1890 3459 1903 3469 .

2182 3530 2216 3585 ²

1640 3604 1806 3678 Ecce
1849 3623 2119 3697 tempus,
2164 3573 2397 3699 tempus
2441 3628 2730 3705 mestum,

1639 3724 1884 3798 propter
1930 3720 2164 3799 plebem
2205 3722 2268 3784 nt
2308 3721 2585 3784 infestum
2609 3768 2624 3795 ,

1640 3824 1802 3898 patet
1843 3820 2000 3881 enim
2044 3816 2449 3886 manifestum,

1644 3918 1805 3998 quod
1847 3919 2015 4001 plebs
2058 3923 2308 3997 temptat
2361 3916 2764 3991 inhonestum,

466 4017 616 4083 Refl.
644 4017 798 4079 Proh
815 4015 999 4089 dolor,
1030 4014 1275 4096 Moyses
1292 4024 1353 4079 et
1368 4016 1589 4091 Aaron,
1640 4018 1794 4081 Proh
1838 4018 2038 4093 dolor,
2082 4020 2361 4081 alteratur
2403 4025 2694 4092 creatura,

465 4139 573 4183 rex
614 4118 799 4182 David
842 4125 903 4180 et
942 4118 1256 4192 Salomon,
1637 4120 1703 4182 m
1742 4138 1965 4204 nevosa
2005 4140 2116 4202 pro
2156 4126 2392 4193 natura,

1643 4220 1782 4301 quid
1824 4223 2090 4301 superbit
2127 4222 2392 4283 limatura
2410 4264 2428 4293 ,

1642 4322 1718 4384 de
1765 4340 1878 4403 qua
1923 4324 2166 4387 summis
2208 4321 2366 4384 nulla
2410 4319 2595 4384 cura?
