3155 4946
863 517 911 566 2.

329 608 530 681 Locus
576 626 669 680 est
713 619 989 698 ‘genialis'
1006 663 1022 689 ,

329 723 431 784 ubi
473 728 647 799 potus
693 726 785 781 est
827 719 1083 789 venalis,

332 841 513 904 quem
555 822 756 884 vendit
797 821 1032 883 socialis

420 925 620 987 ‘nobis’
665 925 903 985 femina.

862 1076 912 1128 3.

329 1170 622 1241 Pineerna
665 1185 804 1240 tune
845 1178 1063 1261 letatur
1077 1221 1095 1248 ,

332 1281 559 1343 abunde
602 1282 944 1359 propinatur

335 1381 409 1443 de
452 1384 588 1445 vino
633 1383 864 1444 meliori

333 1491 508 1563 atque
553 1484 762 1545 leniori

418 1591 479 1646 et
521 1587 637 1648 hoo
678 1602 951 1666 propere.

865 1738 916 1791 4.

334 1829 572 1903 Baohus
619 1839 693 1901 ad
737 1856 999 1901 amorem

334 1945 576 2024 instigat
616 1946 907 2004 iuniorem

336 2052 535 2106 mente
579 2045 948 2124 rigidiorem,

421 2155 483 2206 et
523 2148 637 2208 hoc
680 2164 953 2228 propere.

869 2299 917 2349 5.

335 2391 453 2462 Hie
498 2409 590 2464 est
630 2402 797 2465 loeus
842 2400 1063 2461 annalis

335 2505 674 2585 festumque
718 2505 957 2578 natalis,

337 2607 438 2669 ubi
481 2608 736 2670 liberalis

423 2718 517 2771 est
557 2713 673 2772 ista
716 2710 935 2790 regula.

871 2860 923 2911 8.

325 2953 499 3024 ,Cum
544 2980 684 3042 ergo
729 2960 1049 3022 salutamus
1150 2946 1159 2952 q

341 3066 572 3136 vinum,
618 3071 758 3124 tune
801 3068 1103 3124 cantamus

654 3339 695 3364 ,h

1414 344 1540 412 243

1506 616 1633 677 “Te
1678 618 1859 680 deum
1900 618 2260 691 laudamus”‚

1593 726 1654 781 et
1693 721 1809 782 hoe
1854 739 2129 801 propere.

2039 883 2087 932 7.

1500 988 1633 1060 Nos
1678 1002 1779 1078 qui
1823 1004 2231 1081 propinamus,

1503 1108 1565 1160 et
1609 1103 1743 1162 vina
1785 1110 2122 1180 portamuS,

1501 1203 1667 1280 prius
1712 1221 1831 1263 non
1872 1204 2169 1276 bibamus,

1589 1302 1780 1364 donee
1824 1303 2122 1366 dieamus:

2036 1465 2085 1517 8.

1507 1569 1789 1646 “Baehus
1834 1590 1929 1645 est
1968 1584 2199 1645 suavis”
2215 1630 2233 1657 ,

1491 1685 1600 1746 ‘Fit
1642 1694 1840 1747 tamen
1883 1703 2032 1769 sepe
2077 1686 2267 1764 gravis

1507 1787 1840 1848 bibentibus
1883 1789 2118 1847 incaute

1596 1908 1665 1950 ao
1707 1887 2130 1951 inmoderate.”

2042 2047 2091 2099 9.

1505 2159 1767 2229 Proinde
1812 2186 1931 2228 non
1977 2169 2312 2238 omittatur,

1508 2270 1615 2331 sed
1660 2271 1874 2330 lautius
1917 2271 2181 2330 bibatur!

1510 2372 1791 2449 ‘Dignius’
1836 2374 1952 2432 iam
1995 2373 2291 2441 mittatur,

1599 2480 1664 2535 et
1706 2475 1821 2536 hoo
1863 2491 2137 2554 propere.

2038 2635 2118 2686 10.

1510 2744 1673 2836 Ergo
1716 2774 1825 2817 nos
1867 2753 2173 2826 ludamus,

1513 2866 1706 2918 sortes
1752 2858 2139 2937 proiciamus»,

1511 2959 1770 3042 letanter
1810 2959 2118 3027 bibamus,

1599 3070 1661 3121 et
1701 3061 1817 3120 hoe
1860 3059 2147 3138 propere!

1365 3294 1505 3366 182
1560 3316 1621 3366 a.

1869 3395 2083 3450 Versus.

952 3485 1171 3559 Hirous
1218 3496 1450 3577 quando
1492 3495 1665 3567 bibit,

959 3617 1078 3683 que
1123 3618 1243 3660 non
1287 3607 1425 3660 sunt
1469 3598 1665 3659 debita
1708 3593 1882 3665 dicit,

942 3711 1097 3760 -eum
1138 3703 1289 3762 bene
1333 3706 1601 3779 potatur,

854 3861 867 3868 .
956 3815 1083 3885 quc}¹
1123 3821 1242 3862 nou
1285 3810 1423 3863 sunt
1464 3800 1661 3861 debita
1705 3799 1877 3860 fatur.

958 3903 1108 3966 Cum
1148 3904 1301 3965 bene
1348 3923 1482 3966 sum
1525 3910 1734 3982 potus,

955 4012 1095 4068 tune
1140 4007 1404 4069 versibus
1449 4003 1629 4082 effluo
1673 3987 1864 4076 totus,

959 4108 1108 4168 Cum
1150 4109 1313 4169 sieeo
1357 4110 1581 4178 siccut,
1635 4127 1648 4196 '.

835 4226 950 4274 neo
990 4211 1052 4270 in
1094 4209 1223 4283 hio,
1267 4227 1380 4271 neo
1419 4212 1482 4270 in
1523 4209 1671 4293 heo„
1713 4226 1826 4270 neo
1868 4209 1930 4269 in
1970 4207 2085 4268 hoo
2127 4222 2250 4268 eor.

2116 4343 2240 4427 ιμ’
