3155 4946
1332 350 1554 417 '221

657 529 719 583 et
761 521 1070 602 langueret
1112 522 1376 584 animalis
1392 567 1409 594 ,

659 621 1022 706 ‘prevaleret'
1068 622 1345 685 naturalis

654 727 884 786 virtutis
929 723 1254 786 dominium
1269 771 1286 796 ‚

1476 843 1524 892 2.

657 917 749 989 En
762 974 779 1001 ,
825 927 1053 1008 Cupido
1098 927 1471 1008 pharetratus
1487 974 1502 1000 ,

657 1029 860 1091 crinali
902 1035 1116 1109 torque
1160 1030 1475 1109 spoliatus,

624 1145 832 1192 ‘manu
875 1129 1060 1192 multa
1102 1132 1276 1192 tactis
1320 1130 1427 1195 alis
1449 1175 1466 1202 ,

657 1236 852 1315 mesto
895 1231 1059 1294 vultu
1076 1277 1093 1304 ,
1139 1248 1442 1311 uunquam
1484 1233 1620 1294 talis
1636 1231 1688 1303 ,’

654 1333 817 1394 visus
860 1338 954 1394 est
996 1350 1105 1412 per
1147 1334 1464 1395 somnium.

1472 1447 1522 1501 3.

657 1521 855 1610 Quem
895 1541 961 1595 ut
1003 1533 1122 1596 vidi
1164 1535 1570 1614 perturbatum

656 1621 975 1714 habituque
1019 1635 1438 1709 disturbatum,

653 1735 917 1797 membra
959 1742 1170 1817 stupor
1209 1740 1420 1818 ingens
1463 1740 1722 1819 pressit3

658 1838 760 1914 qui
800 1835 1083 1915 paulatim
1124 1845 1193 1899 ut
1235 1838 1487 1900 recessit

658 1952 693 1997 a
734 1937 1014 1998 membris
1031 2014 1036 2019 ‚
1056 1939 1348 2018 organicis
1363 1984 1380 2011 ,

1473 2056 1523 2106 4.

657 2128 916 2201 Causam
954 2154 1149 2235 quero
1194 2140 1372 2223 mesti
1413 2138 1611 2201 vultus

660 2246 724 2301 et
766 2241 855 2301 sic
896 2238 1208 2303 delormati
1249 2240 1446 2302 cultus
1465 2286 1483 2313 ,

654 2357 761 2403 cur
802 2342 921 2415 sint
962 2326 1071 2426 alp‘
1101 2349 1464 2424 contrectate
1478 2387 1493 2412 ‚

655 2457 767 2505 nec
808 2449 876 2528 ut
917 2443 1093 2507 decet
1134 2445 1406 2529 ordinate
1421 2491 1437 2517 ,

655 2546 1050 2625 ‘causamque'
1092 2547 1353 2616 itineris,

704 2697 721 2712 .
894 2685 903 2694 -
1474 2665 1524 2717 5.

655 2738 853 2812 Amor
894 2729 1192 2828 quondam
1233 2750 1397 2812 vultu
1438 2752 1637 2813 suavis
1650 2797 1665 2820 .

656 2833 813 2911 nunc
856 2867 1094 2934 merore
1137 2854 1296 2930 gravi
1341 2854 1562 2931 gravis,
1607 2905 1614 2910 .

604 3021 617 3034 .
657 2956 725 3010 ut
766 2967 864 3010 me
902 2951 1052 3012 vidit
1093 2955 1466 3030 percunctari
1480 2997 1497 3024 ,

658 3067 1129 3131 responsumque
1172 3052 1486 3136 prestolari
1502 3098 1519 3124 ,

594 3197 623 3220 ,
655 3149 847 3213 reddit
887 3168 1125 3213 eausam
1170 3152 1455 3232 singulis:

1002 3271 1031 3299 .““
1472 3270 1521 3323 6.

810 3339 1118 3416 “Vertitur
1158 3356 1221 3416 in
1264 3354 1488 3416 luctum

802 3472 1086 3534 organum
1124 3452 1360 3515 Amoris
1374 3499 1393 3527 ,

805 3558 1102 3617 canticum
1146 3554 1501 3618 subductum

805 3656 1132 3718 ‘absinthio’
1179 3656 1433 3730 doloris:

802 3759 971 3836 vigor
1013 3759 1246 3837 priscus
1289 3759 1456 3830 abiit,

803 3849 1039 3920 evanuit
1079 3860 1198 3921 iam
1239 3862 1443 3928 virtus.
2049 3935 2060 3946 ι

801 3953 902 4019 Me
946 3960 1035 4020 vis
1079 3957 1370 4032 deseruit,
1415 3964 1646 4041 periere
1692 3964 1993 4043 Cupidinis
2038 3970 2265 4030 arcus.''

1465 4081 1518 4134 7.

804 4142 1035 4221 “Artes
1079 4166 1364 4249 amatorie

799 4260 918 4320 iam
959 4279 1079 4323 non
1119 4263 1486 4328 instruuntur
