<?xml version="1.0" encoding="UTF-8"?>
<!DOCTYPE html PUBLIC "-//W3C//DTD XHTML 1.0 Transitional//EN"
    "http://www.w3.org/TR/xhtml1/DTD/xhtml1-transitional.dtd">
<html xmlns="http://www.w3.org/1999/xhtml" xml:lang="en" lang="en">
 <head>
  <title>
</title>
<meta http-equiv="Content-Type" content="text/html;charset=utf-8" />
  <meta name='ocr-system' content='tesseract 3.04.00' />
  <meta name='ocr-capabilities' content='ocr_page ocr_carea ocr_par ocr_line ocrx_word'/>
</head>
<body>
  <div class='ocr_page' id='page_1' title='image "./carminaburanala00unkngoog_0231.png"; bbox 0 0 3155 4946; ppageno 0'>
   <div class='ocr_carea' id='block_1_1' title="bbox 1473 318 1592 386">
    <p class='ocr_par' dir='ltr' id='par_1_1' title="bbox 1473 318 1592 386">
     <span class='ocr_line' id='line_1_1' title="bbox 1473 318 1592 386; baseline 0.017 -2"><span class='ocrx_word' id='word_1_1' title='bbox 1473 318 1592 386; x_wconf 84' lang='lat'><strong>199</strong></span> 
     </span>
    </p>
   </div>
   <div class='ocr_carea' id='block_1_2' title="bbox 899 489 1917 859">
    <p class='ocr_par' dir='ltr' id='par_1_2' title="bbox 1004 489 1826 570">
     <span class='ocr_line' id='line_1_2' title="bbox 1004 489 1826 570; baseline 0.009 -23"><span class='ocrx_word' id='word_1_2' title='bbox 1004 489 1092 549; x_wconf 89' lang='lat' dir='ltr'><strong>Nu</strong></span> <span class='ocrx_word' id='word_1_3' title='bbox 1140 490 1195 549; x_wconf 86' lang='lat' dir='ltr'><strong>la</strong></span> <span class='ocrx_word' id='word_1_4' title='bbox 1241 490 1359 550; x_wconf 90' lang='lat' dir='ltr'><strong>mih</strong></span> <span class='ocrx_word' id='word_1_5' title='bbox 1380 536 1395 562; x_wconf 93' lang='lat'>,</span> <span class='ocrx_word' id='word_1_6' title='bbox 1440 491 1794 570; x_wconf 84' lang='lat' dir='ltr'><strong>chuniginne</strong></span> <span class='ocrx_word' id='word_1_7' title='bbox 1812 540 1826 563; x_wconf 92' lang='lat'><strong>,</strong></span> 
     </span>
    </p>

    <p class='ocr_par' dir='ltr' id='par_1_3' title="bbox 899 590 1917 859">
     <span class='ocr_line' id='line_1_3' title="bbox 899 590 1702 655; baseline 0.006 -5"><span class='ocrx_word' id='word_1_8' title='bbox 899 602 904 606; x_wconf 82' lang='grc'><strong>’</strong></span> <span class='ocrx_word' id='word_1_9' title='bbox 1007 590 1176 652; x_wconf 79' lang='lat' dir='ltr'><strong>dinei·</strong></span> <span class='ocrx_word' id='word_1_10' title='bbox 1217 594 1416 653; x_wconf 88' lang='lat' dir='ltr'><strong>minue</strong></span> <span class='ocrx_word' id='word_1_11' title='bbox 1460 595 1702 655; x_wconf 83' lang='lat' dir='ltr'><strong>niezen:</strong></span> 
     </span>
     <span class='ocr_line' id='line_1_4' title="bbox 1003 695 1917 772; baseline 0.004 -19"><span class='ocrx_word' id='word_1_12' title='bbox 1003 696 1058 754; x_wconf 81' lang='lat' dir='ltr'><strong>ia</strong></span> <span class='ocrx_word' id='word_1_13' title='bbox 1104 712 1180 754; x_wconf 90' lang='lat' dir='ltr'><strong>ne</strong></span> <span class='ocrx_word' id='word_1_14' title='bbox 1225 711 1360 772; x_wconf 84' lang='lat' dir='ltr'><strong>mag</strong></span> <span class='ocrx_word' id='word_1_15' title='bbox 1403 695 1524 755; x_wconf 86' lang='lat' dir='ltr'><strong>mih</strong></span> <span class='ocrx_word' id='word_1_16' title='bbox 1567 697 1820 757; x_wconf 86' lang='lat' dir='ltr'><strong>nimmer</strong></span> <span class='ocrx_word' id='word_1_17' title='bbox 1913 700 1917 704; x_wconf 47' lang='lat'>*</span> 
     </span>
     <span class='ocr_line' id='line_1_5' title="bbox 1005 795 1508 859; baseline 0.002 -4"><span class='ocrx_word' id='word_1_18' title='bbox 1005 795 1105 856; x_wconf 89' lang='lat' dir='ltr'><strong>din</strong></span> <span class='ocrx_word' id='word_1_19' title='bbox 1150 795 1508 859; x_wconf 83' lang='lat' dir='ltr'><strong>verdriezen.</strong></span> 
     </span>
    </p>
   </div>
   <div class='ocr_carea' id='block_1_3' title="bbox 1299 920 1762 931">
    <p class='ocr_par' dir='ltr' id='par_1_4' title="bbox 1299 920 1762 931">
     <span class='ocr_line' id='line_1_6' title="bbox 1299 920 1762 931; baseline 0 0"><span class='ocrx_word' id='word_1_20' title='bbox 1299 920 1762 931; x_wconf 95' lang='lat' dir='ltr'><strong> </strong></span> 
     </span>
    </p>
   </div>
   <div class='ocr_carea' id='block_1_4' title="bbox 1460 986 1623 1060">
    <p class='ocr_par' dir='ltr' id='par_1_5' title="bbox 1460 986 1623 1060">
     <span class='ocr_line' id='line_1_7' title="bbox 1460 986 1623 1060; baseline 0.018 -3"><span class='ocrx_word' id='word_1_21' title='bbox 1460 986 1623 1060; x_wconf 84' lang='lat'><strong>125.</strong></span> 
     </span>
    </p>
   </div>
   <div class='ocr_carea' id='block_1_5' title="bbox 1393 1097 1682 1149">
    <p class='ocr_par' dir='ltr' id='par_1_6' title="bbox 1393 1097 1682 1149">
     <span class='ocr_line' id='line_1_8' title="bbox 1393 1097 1682 1149; baseline 0 -8"><span class='ocrx_word' id='word_1_22' title='bbox 1393 1097 1502 1149; x_wconf 70' lang='lat' dir='ltr'><strong>(rol.</strong></span> <span class='ocrx_word' id='word_1_23' title='bbox 1528 1098 1582 1140; x_wconf 73' lang='lat'><strong>65</strong></span> <span class='ocrx_word' id='word_1_24' title='bbox 1601 1098 1682 1149; x_wconf 84' lang='lat' dir='ltr'><strong>b.)</strong></span> 
     </span>
    </p>
   </div>
   <div class='ocr_carea' id='block_1_6' title="bbox 282 1172 1135 1835">
    <p class='ocr_par' dir='ltr' id='par_1_7' title="bbox 931 1172 975 1223">
     <span class='ocr_line' id='line_1_9' title="bbox 931 1172 975 1223; baseline 0.045 -2"><span class='ocrx_word' id='word_1_25' title='bbox 931 1172 975 1223; x_wconf 83' lang='lat'><strong>1.</strong></span> 
     </span>
    </p>

    <p class='ocr_par' dir='ltr' id='par_1_8' title="bbox 282 1242 1135 1835">
     <span class='ocr_line' id='line_1_10' title="bbox 282 1242 1126 1333; baseline 0.005 -21"><span class='ocrx_word' id='word_1_26' title='bbox 282 1242 283 1245; x_wconf 51' lang='lat'>&#39;</span> <span class='ocrx_word' id='word_1_27' title='bbox 375 1246 590 1333; x_wconf 83' lang='lat' dir='ltr'><strong>Longa</strong></span> <span class='ocrx_word' id='word_1_28' title='bbox 634 1271 772 1333; x_wconf 83' lang='lat' dir='ltr'><strong>spes</strong></span> <span class='ocrx_word' id='word_1_29' title='bbox 818 1264 879 1318; x_wconf 89' lang='lat' dir='ltr'><strong>et</strong></span> <span class='ocrx_word' id='word_1_30' title='bbox 922 1255 1126 1326; x_wconf 88' lang='lat' dir='ltr'><strong>dubia,</strong></span> 
     </span>
     <span class='ocr_line' id='line_1_11' title="bbox 379 1358 919 1434; baseline 0.006 -18"><span class='ocrx_word' id='word_1_31' title='bbox 379 1358 666 1434; x_wconf 81' lang='lat' dir='ltr'><strong>permixta</strong></span> <span class='ocrx_word' id='word_1_32' title='bbox 708 1358 919 1419; x_wconf 88' lang='lat' dir='ltr'><strong>timore</strong></span> 
     </span>
     <span class='ocr_line' id='line_1_12' title="bbox 378 1459 953 1539; baseline 0.005 -21"><span class='ocrx_word' id='word_1_33' title='bbox 378 1459 553 1519; x_wconf 85' lang='lat' dir='ltr'><strong>solvit</strong></span> <span class='ocrx_word' id='word_1_34' title='bbox 594 1461 656 1519; x_wconf 88' lang='lat' dir='ltr'><strong>in</strong></span> <span class='ocrx_word' id='word_1_35' title='bbox 701 1460 953 1539; x_wconf 87' lang='lat' dir='ltr'><strong>suspiria</strong></span> 
     </span>
     <span class='ocr_line' id='line_1_13' title="bbox 379 1561 1098 1633; baseline 0.007 -16"><span class='ocrx_word' id='word_1_36' title='bbox 379 1567 640 1621; x_wconf 78' lang='lat' dir='ltr'><strong>mentem</strong></span> <span class='ocrx_word' id='word_1_37' title='bbox 684 1579 821 1623; x_wconf 88' lang='lat' dir='ltr'><strong>oum</strong></span> <span class='ocrx_word' id='word_1_38' title='bbox 866 1561 1068 1622; x_wconf 86' lang='lat' dir='ltr'><strong>dolore</strong></span> <span class='ocrx_word' id='word_1_39' title='bbox 1083 1607 1098 1633; x_wconf 93' lang='lat'><strong><em>‚</em></strong></span> 
     </span>
     <span class='ocr_line' id='line_1_14' title="bbox 379 1662 1135 1744; baseline 0.004 -24"><span class='ocrx_word' id='word_1_40' title='bbox 379 1678 499 1744; x_wconf 72' lang='lat' dir='ltr'><strong>que</strong></span> <span class='ocrx_word' id='word_1_41' title='bbox 542 1663 658 1722; x_wconf 88' lang='lat' dir='ltr'><strong>iam</strong></span> <span class='ocrx_word' id='word_1_42' title='bbox 702 1662 927 1723; x_wconf 88' lang='lat' dir='ltr'><strong>dudum</strong></span> <span class='ocrx_word' id='word_1_43' title='bbox 970 1664 1135 1723; x_wconf 82' lang='lat' dir='ltr'><strong>anxia</strong></span> 
     </span>
     <span class='ocr_line' id='line_1_15' title="bbox 378 1764 980 1835; baseline 0.005 -14"><span class='ocrx_word' id='word_1_44' title='bbox 378 1764 595 1823; x_wconf 85' lang='lat' dir='ltr'><strong>mansit</strong></span> <span class='ocrx_word' id='word_1_45' title='bbox 635 1764 698 1823; x_wconf 92' lang='lat' dir='ltr'><strong>in</strong></span> <span class='ocrx_word' id='word_1_46' title='bbox 742 1782 980 1835; x_wconf 81' lang='lat' dir='ltr'><strong>amore3</strong></span> 
     </span>
    </p>
   </div>
   <div class='ocr_carea' id='block_1_7' title="bbox 2099 1169 2133 1219">
    <p class='ocr_par' dir='ltr' id='par_1_9' title="bbox 2099 1169 2133 1219">
     <span class='ocr_line' id='line_1_16' title="bbox 2099 1169 2133 1219; baseline 0 0"><span class='ocrx_word' id='word_1_47' title='bbox 2099 1169 2133 1219; x_wconf 77' lang='lat'><strong>5</strong></span> 
     </span>
    </p>
   </div>
   <div class='ocr_carea' id='block_1_8' title="bbox 1556 1250 2368 1843">
    <p class='ocr_par' dir='ltr' id='par_1_10' title="bbox 1558 1250 2257 1439">
     <span class='ocr_line' id='line_1_17' title="bbox 1559 1250 2257 1337; baseline -0.004 -17"><span class='ocrx_word' id='word_1_48' title='bbox 1559 1250 1648 1320; x_wconf 89' lang='lat' dir='ltr'><strong>Te</strong></span> <span class='ocrx_word' id='word_1_49' title='bbox 1692 1276 1838 1337; x_wconf 81' lang='lat' dir='ltr'><strong>rogo</strong></span> <span class='ocrx_word' id='word_1_50' title='bbox 1883 1257 2257 1336; x_wconf 79' lang='lat' dir='ltr'><strong>suppliciter,</strong></span> 
     </span>
     <span class='ocr_line' id='line_1_18' title="bbox 1558 1359 2051 1439; baseline -0.004 -18"><span class='ocrx_word' id='word_1_51' title='bbox 1558 1360 1672 1421; x_wconf 83' lang='lat' dir='ltr'><strong>dea</strong></span> <span class='ocrx_word' id='word_1_52' title='bbox 1715 1359 2017 1439; x_wconf 75' lang='lat' dir='ltr'><strong>probitatis</strong></span> <span class='ocrx_word' id='word_1_53' title='bbox 2035 1404 2051 1430; x_wconf 93' lang='lat'>‚</span> 
     </span>
    </p>

    <p class='ocr_par' dir='ltr' id='par_1_11' title="bbox 1556 1458 2368 1631">
     <span class='ocr_line' id='line_1_19' title="bbox 1557 1458 2368 1522; baseline -0.004 -2"><span class='ocrx_word' id='word_1_54' title='bbox 1557 1462 1782 1522; x_wconf 87' lang='lat' dir='ltr'><strong>lassum</strong></span> <span class='ocrx_word' id='word_1_55' title='bbox 1823 1462 1885 1521; x_wconf 89' lang='lat' dir='ltr'><strong>iu</strong></span> <span class='ocrx_word' id='word_1_56' title='bbox 1928 1478 2026 1520; x_wconf 88' lang='lat' dir='ltr'><strong>me</strong></span> <span class='ocrx_word' id='word_1_57' title='bbox 2068 1458 2368 1520; x_wconf 81' lang='lat' dir='ltr'><strong>vinculum</strong></span> 
     </span>
     <span class='ocr_line' id='line_1_20' title="bbox 1556 1560 2029 1631; baseline -0.002 -10"><span class='ocrx_word' id='word_1_58' title='bbox 1556 1560 1651 1622; x_wconf 80' lang='lat' dir='ltr'><strong>fao</strong></span> <span class='ocrx_word' id='word_1_59' title='bbox 1693 1561 1999 1623; x_wconf 83' lang='lat' dir='ltr'><strong>anxietatis</strong></span> <span class='ocrx_word' id='word_1_60' title='bbox 2012 1605 2029 1631; x_wconf 91' lang='lat'>‚</span> 
     </span>
    </p>

    <p class='ocr_par' dir='ltr' id='par_1_12' title="bbox 1557 1660 2256 1843">
     <span class='ocr_line' id='line_1_21' title="bbox 1557 1660 2256 1740; baseline -0.004 -17"><span class='ocrx_word' id='word_1_61' title='bbox 1557 1680 1635 1723; x_wconf 90' lang='lat' dir='ltr'><strong>ne</strong></span> <span class='ocrx_word' id='word_1_62' title='bbox 1680 1664 1886 1724; x_wconf 84' lang='lat' dir='ltr'><strong>mortis</strong></span> <span class='ocrx_word' id='word_1_63' title='bbox 1929 1660 2256 1740; x_wconf 77' lang='lat' dir='ltr'><strong>perieulum</strong></span> 
     </span>
     <span class='ocr_line' id='line_1_22' title="bbox 1557 1765 2208 1843; baseline -0.002 -19"><span class='ocrx_word' id='word_1_64' title='bbox 1557 1765 1637 1824; x_wconf 89' lang='lat' dir='ltr'><strong>sit</strong></span> <span class='ocrx_word' id='word_1_65' title='bbox 1677 1781 1910 1825; x_wconf 86' lang='lat' dir='ltr'><strong>meroes</strong></span> <span class='ocrx_word' id='word_1_66' title='bbox 1954 1765 2208 1843; x_wconf 84' lang='lat' dir='ltr'><strong>pietatis.</strong></span> 
     </span>
    </p>
   </div>
   <div class='ocr_carea' id='block_1_9' title="bbox 375 1863 1501 1947">
    <p class='ocr_par' dir='ltr' id='par_1_13' title="bbox 375 1863 1501 1947">
     <span class='ocr_line' id='line_1_23' title="bbox 375 1863 1501 1947; baseline 0.004 -25"><span class='ocrx_word' id='word_1_67' title='bbox 375 1880 489 1924; x_wconf 86' lang='lat' dir='ltr'><strong>nec</strong></span> <span class='ocrx_word' id='word_1_68' title='bbox 518 1870 716 1926; x_wconf 83' lang='lat' dir='ltr'><strong>tamen</strong></span> <span class='ocrx_word' id='word_1_69' title='bbox 745 1870 1005 1947; x_wconf 67' lang='lat' dir='ltr'><strong>mestum</strong></span> <span class='ocrx_word' id='word_1_70' title='bbox 1031 1863 1189 1943; x_wconf 90' lang='lat' dir='ltr'><strong>pello</strong></span> <span class='ocrx_word' id='word_1_71' title='bbox 1214 1865 1501 1927; x_wconf 87' lang='lat' dir='ltr'><strong>dolorem.</strong></span> 
     </span>
    </p>
   </div>
   <div class='ocr_carea' id='block_1_10' title="bbox 371 1966 1231 2627">
    <p class='ocr_par' dir='ltr' id='par_1_14' title="bbox 371 1966 1231 2627">
     <span class='ocr_line' id='line_1_24' title="bbox 914 1966 964 2015; baseline -0.02 0"><span class='ocrx_word' id='word_1_72' title='bbox 914 1966 964 2015; x_wconf 83' lang='lat'><strong>2.</strong></span> 
     </span>
     <span class='ocr_line' id='line_1_25' title="bbox 377 2041 1174 2130; baseline 0 -18"><span class='ocrx_word' id='word_1_73' title='bbox 377 2041 549 2124; x_wconf 87' lang='lat' dir='ltr'><strong>Heu,</strong></span> <span class='ocrx_word' id='word_1_74' title='bbox 597 2054 693 2114; x_wconf 86' lang='lat' dir='ltr'><strong>cui</strong></span> <span class='ocrx_word' id='word_1_75' title='bbox 738 2061 832 2113; x_wconf 87' lang='lat' dir='ltr'><strong>est</strong></span> <span class='ocrx_word' id='word_1_76' title='bbox 875 2051 1174 2130; x_wconf 80' lang='lat' dir='ltr'><strong>prolixitas</strong></span> 
     </span>
     <span class='ocr_line' id='line_1_26' title="bbox 377 2159 940 2231; baseline 0.002 -19"><span class='ocrx_word' id='word_1_77' title='bbox 377 2159 689 2231; x_wconf 79' lang='lat' dir='ltr'><strong>procurata</strong></span> <span class='ocrx_word' id='word_1_78' title='bbox 732 2170 940 2231; x_wconf 86' lang='lat' dir='ltr'><strong>parum</strong></span> 
     </span>
     <span class='ocr_line' id='line_1_27' title="bbox 378 2253 947 2316; baseline 0.004 -2"><span class='ocrx_word' id='word_1_79' title='bbox 378 2260 439 2314; x_wconf 89' lang='lat' dir='ltr'><strong>et</strong></span> <span class='ocrx_word' id='word_1_80' title='bbox 481 2254 596 2315; x_wconf 85' lang='lat' dir='ltr'><strong>loci</strong></span> <span class='ocrx_word' id='word_1_81' title='bbox 639 2253 947 2316; x_wconf 86' lang='lat' dir='ltr'><strong>diversitas</strong></span> 
     </span>
     <span class='ocr_line' id='line_1_28' title="bbox 376 2357 1044 2429; baseline 0.003 -11"><span class='ocrx_word' id='word_1_82' title='bbox 376 2357 667 2418; x_wconf 87' lang='lat' dir='ltr'><strong>duxerunt</strong></span> <span class='ocrx_word' id='word_1_83' title='bbox 708 2360 771 2417; x_wconf 89' lang='lat' dir='ltr'><strong>in</strong></span> <span class='ocrx_word' id='word_1_84' title='bbox 815 2375 1044 2429; x_wconf 84' lang='lat' dir='ltr'><strong>rarum,</strong></span> 
     </span>
     <span class='ocr_line' id='line_1_29' title="bbox 374 2462 1231 2544; baseline 0.006 -24"><span class='ocrx_word' id='word_1_85' title='bbox 374 2477 552 2537; x_wconf 86' lang='lat' dir='ltr'><strong>quam</strong></span> <span class='ocrx_word' id='word_1_86' title='bbox 595 2478 704 2544; x_wconf 68' lang='lat' dir='ltr'><strong>pre</strong></span> <span class='ocrx_word' id='word_1_87' title='bbox 748 2462 975 2523; x_wconf 83' lang='lat' dir='ltr'><strong>eunetis</strong></span> <span class='ocrx_word' id='word_1_88' title='bbox 1020 2463 1231 2525; x_wconf 81' lang='lat' dir='ltr'><strong>caritas</strong></span> 
     </span>
     <span class='ocr_line' id='line_1_30' title="bbox 371 2561 1099 2627; baseline 0.004 -5"><span class='ocrx_word' id='word_1_89' title='bbox 371 2561 566 2623; x_wconf 80' lang='lat' dir='ltr'><strong>cordis</strong></span> <span class='ocrx_word' id='word_1_90' title='bbox 613 2563 790 2625; x_wconf 84' lang='lat' dir='ltr'><strong>habet</strong></span> <span class='ocrx_word' id='word_1_91' title='bbox 834 2565 1099 2627; x_wconf 82' lang='lat' dir='ltr'><strong>‘carum&#39;!</strong></span> 
     </span>
    </p>
   </div>
   <div class='ocr_carea' id='block_1_11' title="bbox 458 2664 1374 2817">
    <p class='ocr_par' dir='ltr' id='par_1_15' title="bbox 458 2664 1374 2817">
     <span class='ocr_line' id='line_1_31' title="bbox 458 2664 1374 2745; baseline 0.002 -20"><span class='ocrx_word' id='word_1_92' title='bbox 458 2664 666 2727; x_wconf 88' lang='lat' dir='ltr'><strong>Omnis</strong></span> <span class='ocrx_word' id='word_1_93' title='bbox 711 2666 908 2745; x_wconf 84' lang='lat' dir='ltr'><strong>largus</strong></span> <span class='ocrx_word' id='word_1_94' title='bbox 952 2665 1078 2727; x_wconf 83' lang='lat' dir='ltr'><strong>odit</strong></span> <span class='ocrx_word' id='word_1_95' title='bbox 1120 2685 1374 2728; x_wconf 84' lang='lat' dir='ltr'><strong>avarum.</strong></span> 
     </span>
     <span class='ocr_line' id='line_1_32' title="bbox 907 2765 963 2817; baseline -0.036 0"><span class='ocrx_word' id='word_1_96' title='bbox 907 2765 963 2817; x_wconf 68' lang='grc' dir='ltr'><strong>Β.</strong></span> 
     </span>
    </p>
   </div>
   <div class='ocr_carea' id='block_1_12' title="bbox 363 2841 1357 4235">
    <p class='ocr_par' dir='ltr' id='par_1_16' title="bbox 372 2841 1124 2930">
     <span class='ocr_line' id='line_1_33' title="bbox 372 2841 1124 2930; baseline 0.004 -21"><span class='ocrx_word' id='word_1_97' title='bbox 372 2841 442 2911; x_wconf 89' lang='lat' dir='ltr'><strong>In</strong></span> <span class='ocrx_word' id='word_1_98' title='bbox 484 2851 599 2910; x_wconf 86' lang='lat' dir='ltr'><strong>hoc</strong></span> <span class='ocrx_word' id='word_1_99' title='bbox 641 2850 774 2911; x_wconf 82' lang='lat' dir='ltr'><strong>loco</strong></span> <span class='ocrx_word' id='word_1_100' title='bbox 820 2853 1124 2930; x_wconf 87' lang='lat' dir='ltr'><strong>stringitur</strong></span> 
     </span>
    </p>

    <p class='ocr_par' dir='ltr' id='par_1_17' title="bbox 373 2951 1066 3031">
     <span class='ocr_line' id='line_1_34' title="bbox 373 2951 1066 3031; baseline 0.001 -20"><span class='ocrx_word' id='word_1_101' title='bbox 373 2952 563 3012; x_wconf 87' lang='lat' dir='ltr'><strong>nodus</strong></span> <span class='ocrx_word' id='word_1_102' title='bbox 609 2951 831 3031; x_wconf 79' lang='lat' dir='ltr'><strong>absque</strong></span> <span class='ocrx_word' id='word_1_103' title='bbox 874 2951 1032 3013; x_wconf 87' lang='lat' dir='ltr'><strong>nodo</strong></span> <span class='ocrx_word' id='word_1_104' title='bbox 1050 2997 1066 3022; x_wconf 93' lang='lat'>‚</span> 
     </span>
    </p>

    <p class='ocr_par' dir='ltr' id='par_1_18' title="bbox 372 3053 1010 3130">
     <span class='ocr_line' id='line_1_35' title="bbox 372 3053 1010 3130; baseline -0.003 -16"><span class='ocrx_word' id='word_1_105' title='bbox 372 3070 485 3114; x_wconf 87' lang='lat' dir='ltr'><strong>nec</strong></span> <span class='ocrx_word' id='word_1_106' title='bbox 528 3053 683 3115; x_wconf 85' lang='lat' dir='ltr'><strong>ullus</strong></span> <span class='ocrx_word' id='word_1_107' title='bbox 727 3054 1010 3130; x_wconf 82' lang='lat' dir='ltr'><strong>recipitur</strong></span> 
     </span>
    </p>

    <p class='ocr_par' dir='ltr' id='par_1_19' title="bbox 372 3154 1094 3225">
     <span class='ocr_line' id='line_1_36' title="bbox 372 3154 1094 3225; baseline 0 -11"><span class='ocrx_word' id='word_1_108' title='bbox 372 3155 582 3216; x_wconf 81' lang='lat' dir='ltr'><strong>modus</strong></span> <span class='ocrx_word' id='word_1_109' title='bbox 626 3156 688 3215; x_wconf 88' lang='lat' dir='ltr'><strong>iu</strong></span> <span class='ocrx_word' id='word_1_110' title='bbox 728 3155 843 3215; x_wconf 86' lang='lat' dir='ltr'><strong>hoo</strong></span> <span class='ocrx_word' id='word_1_111' title='bbox 887 3154 1094 3225; x_wconf 89' lang='lat' dir='ltr'><strong>modo,</strong></span> 
     </span>
    </p>

    <p class='ocr_par' dir='ltr' id='par_1_20' title="bbox 369 3255 1257 3336">
     <span class='ocr_line' id='line_1_37' title="bbox 369 3255 1257 3336; baseline 0 -19"><span class='ocrx_word' id='word_1_112' title='bbox 369 3256 477 3317; x_wconf 85' lang='lat' dir='ltr'><strong>sed</strong></span> <span class='ocrx_word' id='word_1_113' title='bbox 523 3260 624 3336; x_wconf 89' lang='lat' dir='ltr'><strong>qui</strong></span> <span class='ocrx_word' id='word_1_114' title='bbox 667 3273 968 3336; x_wconf 86' lang='lat' dir='ltr'><strong>nunquam</strong></span> <span class='ocrx_word' id='word_1_115' title='bbox 1011 3255 1257 3319; x_wconf 84' lang='lat' dir='ltr'><strong>solvitur</strong></span> 
     </span>
    </p>

    <p class='ocr_par' dir='ltr' id='par_1_21' title="bbox 368 3359 1357 3542">
     <span class='ocr_line' id='line_1_38' title="bbox 368 3359 1113 3438; baseline 0.001 -20"><span class='ocrx_word' id='word_1_116' title='bbox 368 3359 501 3435; x_wconf 87' lang='lat' dir='ltr'><strong>plus</strong></span> <span class='ocrx_word' id='word_1_117' title='bbox 546 3362 895 3438; x_wconf 86' lang='lat' dir='ltr'><strong>constringit</strong></span> <span class='ocrx_word' id='word_1_118' title='bbox 936 3360 1113 3421; x_wconf 88' lang='lat' dir='ltr'><strong>nodo.</strong></span> 
     </span>
     <span class='ocr_line' id='line_1_39' title="bbox 451 3463 1357 3542; baseline -0.002 -19"><span class='ocrx_word' id='word_1_119' title='bbox 451 3464 892 3524; x_wconf 75' lang='lat' dir='ltr'><strong>Lodiroundeia</strong></span> <span class='ocrx_word' id='word_1_120' title='bbox 932 3463 1357 3542; x_wconf 66' lang='lat' dir='ltr'><strong>lodircundsia.</strong></span> 
     </span>
    </p>

    <p class='ocr_par' dir='ltr' id='par_1_22' title="bbox 901 3560 957 3616">
     <span class='ocr_line' id='line_1_40' title="bbox 901 3560 957 3616; baseline 0.089 -5"><span class='ocrx_word' id='word_1_121' title='bbox 901 3560 957 3616; x_wconf 73' lang='lat'><strong>4.</strong></span> 
     </span>
    </p>

    <p class='ocr_par' dir='ltr' id='par_1_23' title="bbox 368 3637 1159 3733">
     <span class='ocr_line' id='line_1_41' title="bbox 368 3637 1159 3733; baseline -0.001 -24"><span class='ocrx_word' id='word_1_122' title='bbox 368 3637 542 3709; x_wconf 83' lang='lat' dir='ltr'><strong>Hane</strong></span> <span class='ocrx_word' id='word_1_123' title='bbox 586 3665 720 3709; x_wconf 83' lang='lat' dir='ltr'><strong>amo</strong></span> <span class='ocrx_word' id='word_1_124' title='bbox 764 3667 873 3733; x_wconf 67' lang='lat' dir='ltr'><strong>pre</strong></span> <span class='ocrx_word' id='word_1_125' title='bbox 915 3650 1159 3719; x_wconf 83' lang='lat' dir='ltr'><strong>ceteris,</strong></span> 
     </span>
    </p>

    <p class='ocr_par' dir='ltr' id='par_1_24' title="bbox 367 3749 1138 3826">
     <span class='ocr_line' id='line_1_42' title="bbox 367 3749 1138 3826; baseline 0.001 -18"><span class='ocrx_word' id='word_1_126' title='bbox 367 3765 547 3826; x_wconf 84' lang='lat' dir='ltr'><strong>quarn</strong></span> <span class='ocrx_word' id='word_1_127' title='bbox 588 3766 709 3808; x_wconf 86' lang='lat' dir='ltr'><strong>non</strong></span> <span class='ocrx_word' id='word_1_128' title='bbox 751 3749 932 3808; x_wconf 87' lang='lat' dir='ltr'><strong>vincit</strong></span> <span class='ocrx_word' id='word_1_129' title='bbox 972 3765 1138 3819; x_wconf 87' lang='lat' dir='ltr'><strong>rosa,</strong></span> 
     </span>
    </p>

    <p class='ocr_par' dir='ltr' id='par_1_25' title="bbox 366 3849 1120 3929">
     <span class='ocr_line' id='line_1_43' title="bbox 366 3849 1120 3929; baseline 0.001 -20"><span class='ocrx_word' id='word_1_130' title='bbox 366 3867 543 3928; x_wconf 82' lang='lat' dir='ltr'><strong>quam</strong></span> <span class='ocrx_word' id='word_1_131' title='bbox 585 3849 855 3929; x_wconf 82' lang='lat' dir='ltr'><strong>proferre</strong></span> <span class='ocrx_word' id='word_1_132' title='bbox 896 3851 1120 3929; x_wconf 88' lang='lat' dir='ltr'><strong>poteris</strong></span> 
     </span>
    </p>

    <p class='ocr_par' dir='ltr' id='par_1_26' title="bbox 364 3953 1038 4032">
     <span class='ocr_line' id='line_1_44' title="bbox 364 3953 1038 4032; baseline 0.003 -19"><span class='ocrx_word' id='word_1_133' title='bbox 364 3953 630 4014; x_wconf 79' lang='lat' dir='ltr'><strong>cantibus</strong></span> <span class='ocrx_word' id='word_1_134' title='bbox 673 3971 788 4014; x_wconf 85' lang='lat' dir='ltr'><strong>neo</strong></span> <span class='ocrx_word' id='word_1_135' title='bbox 830 3971 1038 4032; x_wconf 81' lang='lat' dir='ltr'><strong>prosa,</strong></span> 
     </span>
    </p>

    <p class='ocr_par' dir='ltr' id='par_1_27' title="bbox 363 4054 1135 4143">
     <span class='ocr_line' id='line_1_45' title="bbox 363 4054 1135 4143; baseline 0.003 -29"><span class='ocrx_word' id='word_1_136' title='bbox 363 4071 476 4114; x_wconf 84' lang='lat' dir='ltr'><strong>neo</strong></span> <span class='ocrx_word' id='word_1_137' title='bbox 519 4071 668 4115; x_wconf 82' lang='lat' dir='ltr'><strong>voce</strong></span> <span class='ocrx_word' id='word_1_138' title='bbox 712 4073 826 4115; x_wconf 84' lang='lat' dir='ltr'><strong>neo</strong></span> <span class='ocrx_word' id='word_1_139' title='bbox 866 4054 1135 4143; x_wconf 27' lang='lat' dir='ltr'><strong>litteris,-</strong></span> 
     </span>
    </p>

    <p class='ocr_par' dir='ltr' id='par_1_28' title="bbox 364 4157 994 4235">
     <span class='ocr_line' id='line_1_46' title="bbox 364 4157 994 4235; baseline 0 -17"><span class='ocrx_word' id='word_1_140' title='bbox 364 4173 543 4233; x_wconf 85' lang='lat' dir='ltr'><strong>quam</strong></span> <span class='ocrx_word' id='word_1_141' title='bbox 586 4157 664 4216; x_wconf 88' lang='lat' dir='ltr'><strong>sit</strong></span> <span class='ocrx_word' id='word_1_142' title='bbox 705 4157 994 4235; x_wconf 81' lang='lat' dir='ltr'><strong>speciosa.</strong></span> 
     </span>
    </p>
   </div>
   <div class='ocr_carea' id='block_1_13' title="bbox 445 4258 1403 4339">
    <p class='ocr_par' dir='ltr' id='par_1_29' title="bbox 445 4258 1403 4339">
     <span class='ocr_line' id='line_1_47' title="bbox 445 4258 1403 4339; baseline 0.001 -20"><span class='ocrx_word' id='word_1_143' title='bbox 445 4258 582 4320; x_wconf 85' lang='lat' dir='ltr'><strong>Flos</strong></span> <span class='ocrx_word' id='word_1_144' title='bbox 624 4260 687 4320; x_wconf 90' lang='lat' dir='ltr'><strong>in</strong></span> <span class='ocrx_word' id='word_1_145' title='bbox 732 4276 933 4320; x_wconf 84' lang='lat' dir='ltr'><strong>amore</strong></span> <span class='ocrx_word' id='word_1_146' title='bbox 978 4263 1160 4339; x_wconf 81' lang='lat' dir='ltr'><strong>spirat</strong></span> <span class='ocrx_word' id='word_1_147' title='bbox 1204 4259 1403 4322; x_wconf 81' lang='lat' dir='ltr'><strong>odore.</strong></span> 
     </span>
    </p>
   </div>
   <div class='ocr_carea' id='block_1_14' title="bbox 1643 1863 2622 2019">
    <p class='ocr_par' dir='ltr' id='par_1_30' title="bbox 1643 1863 2622 2019">
     <span class='ocr_line' id='line_1_48' title="bbox 1643 1863 2622 1950; baseline -0.002 -24"><span class='ocrx_word' id='word_1_148' title='bbox 1643 1865 1798 1928; x_wconf 83' lang='lat' dir='ltr'><strong>Laus</strong></span> <span class='ocrx_word' id='word_1_149' title='bbox 1842 1866 1947 1928; x_wconf 88' lang='lat' dir='ltr'><strong>tibi</strong></span> <span class='ocrx_word' id='word_1_150' title='bbox 1988 1864 2128 1938; x_wconf 88' lang='lat' dir='ltr'><strong>soli,</strong></span> <span class='ocrx_word' id='word_1_151' title='bbox 2171 1865 2300 1927; x_wconf 88' lang='lat' dir='ltr'><strong>laus</strong></span> <span class='ocrx_word' id='word_1_152' title='bbox 2346 1864 2451 1926; x_wconf 84' lang='lat' dir='ltr'><strong>tibi</strong></span> <span class='ocrx_word' id='word_1_153' title='bbox 2493 1863 2622 1950; x_wconf 83' lang='lat' dir='ltr'><strong>soli.</strong></span> 
     </span>
     <span class='ocr_line' id='line_1_49' title="bbox 2092 1968 2141 2019; baseline -0.041 0"><span class='ocrx_word' id='word_1_154' title='bbox 2092 1968 2141 2019; x_wconf 76' lang='lat' dir='ltr'><strong>fl.</strong></span> 
     </span>
    </p>
   </div>
   <div class='ocr_carea' id='block_1_15' title="bbox 1553 2043 2306 2626">
    <p class='ocr_par' dir='ltr' id='par_1_31' title="bbox 1553 2043 2306 2626">
     <span class='ocr_line' id='line_1_50' title="bbox 1555 2043 2302 2131; baseline 0 -16"><span class='ocrx_word' id='word_1_155' title='bbox 1555 2043 1824 2115; x_wconf 86' lang='lat' dir='ltr'><strong>Roseam</strong></span> <span class='ocrx_word' id='word_1_156' title='bbox 1867 2055 2020 2131; x_wconf 82' lang='lat' dir='ltr'><strong>gerit</strong></span> <span class='ocrx_word' id='word_1_157' title='bbox 2060 2052 2302 2131; x_wconf 51' lang='lat' dir='ltr'><strong>faciem¹</strong></span> 
     </span>
     <span class='ocr_line' id='line_1_51' title="bbox 1555 2155 2272 2238; baseline 0 -22"><span class='ocrx_word' id='word_1_158' title='bbox 1555 2156 1816 2217; x_wconf 80' lang='lat' dir='ltr'><strong>formosa</strong></span> <span class='ocrx_word' id='word_1_159' title='bbox 1859 2172 1968 2238; x_wconf 67' lang='lat' dir='ltr'><strong>pre</strong></span> <span class='ocrx_word' id='word_1_160' title='bbox 2013 2155 2239 2216; x_wconf 83' lang='lat' dir='ltr'><strong>cunctis</strong></span> <span class='ocrx_word' id='word_1_161' title='bbox 2255 2201 2272 2228; x_wconf 92' lang='lat'><strong>,</strong></span> 
     </span>
     <span class='ocr_line' id='line_1_52' title="bbox 1556 2256 2275 2327; baseline -0.006 -8"><span class='ocrx_word' id='word_1_162' title='bbox 1556 2258 1726 2319; x_wconf 82' lang='lat' dir='ltr'><strong>cuius</strong></span> <span class='ocrx_word' id='word_1_163' title='bbox 1769 2273 1973 2317; x_wconf 86' lang='lat' dir='ltr'><strong>amore</strong></span> <span class='ocrx_word' id='word_1_164' title='bbox 2015 2256 2275 2327; x_wconf 82' lang='lat' dir='ltr'><strong>crucior,</strong></span> 
     </span>
     <span class='ocr_line' id='line_1_53' title="bbox 1553 2356 2177 2438; baseline 0 -20"><span class='ocrx_word' id='word_1_165' title='bbox 1553 2359 1861 2438; x_wconf 79' lang='lat' dir='ltr'><strong>igneisque</strong></span> <span class='ocrx_word' id='word_1_166' title='bbox 1906 2356 2177 2437; x_wconf 84' lang='lat' dir='ltr'><strong>‘punctis&#39;</strong></span> 
     </span>
     <span class='ocr_line' id='line_1_54' title="bbox 1555 2444 2306 2539; baseline 0 -20"><span class='ocrx_word' id='word_1_167' title='bbox 1555 2477 1795 2539; x_wconf 82' lang='lat' dir='ltr'><strong>gravem</strong></span> <span class='ocrx_word' id='word_1_168' title='bbox 1838 2461 1967 2521; x_wconf 83' lang='lat' dir='ltr'><strong>eius</strong></span> <span class='ocrx_word' id='word_1_169' title='bbox 2012 2459 2203 2520; x_wconf 86' lang='lat' dir='ltr'><strong>sentio</strong></span> <span class='ocrx_word' id='word_1_170' title='bbox 2287 2444 2306 2455; x_wconf 59' lang='lat'><strong>⁶</strong></span> 
     </span>
     <span class='ocr_line' id='line_1_55' title="bbox 1554 2565 2117 2626; baseline -0.002 -2"><span class='ocrx_word' id='word_1_171' title='bbox 1554 2565 1858 2626; x_wconf 82' lang='lat' dir='ltr'><strong>stimulum</strong></span> <span class='ocrx_word' id='word_1_172' title='bbox 1901 2565 2117 2626; x_wconf 83' lang='lat' dir='ltr'><strong>amoris</strong></span> 
     </span>
    </p>
   </div>
   <div class='ocr_carea' id='block_1_16' title="bbox 1639 2664 2492 2817">
    <p class='ocr_par' dir='ltr' id='par_1_32' title="bbox 1639 2664 2492 2817">
     <span class='ocr_line' id='line_1_56' title="bbox 1639 2664 2492 2745; baseline -0.002 -19"><span class='ocrx_word' id='word_1_173' title='bbox 1639 2665 1774 2745; x_wconf 85' lang='lat' dir='ltr'><strong>plus</strong></span> <span class='ocrx_word' id='word_1_174' title='bbox 1818 2682 2020 2727; x_wconf 87' lang='lat' dir='ltr'><strong>amore</strong></span> <span class='ocrx_word' id='word_1_175' title='bbox 2037 2709 2054 2736; x_wconf 93' lang='lat'><strong>,</strong></span> <span class='ocrx_word' id='word_1_176' title='bbox 2097 2664 2231 2743; x_wconf 88' lang='lat' dir='ltr'><strong>plus</strong></span> <span class='ocrx_word' id='word_1_177' title='bbox 2274 2681 2492 2726; x_wconf 87' lang='lat' dir='ltr'><strong>amore.</strong></span> 
     </span>
     <span class='ocr_line' id='line_1_57' title="bbox 1879 2767 2144 2817; baseline 0.004 -1"><span class='ocrx_word' id='word_1_178' title='bbox 1879 2781 1885 2787; x_wconf 89' lang='lat'><strong>·</strong></span> <span class='ocrx_word' id='word_1_179' title='bbox 2096 2767 2144 2817; x_wconf 81' lang='lat'><strong>7.</strong></span> 
     </span>
    </p>
   </div>
   <div class='ocr_carea' id='block_1_17' title="bbox 1516 2844 2670 3437">
    <p class='ocr_par' dir='ltr' id='par_1_33' title="bbox 1550 2844 2079 2932">
     <span class='ocr_line' id='line_1_58' title="bbox 1550 2844 2079 2932; baseline -0.006 -18"><span class='ocrx_word' id='word_1_180' title='bbox 1550 2844 1800 2932; x_wconf 84' lang='lat' dir='ltr'><strong>Inopiuo</strong></span> <span class='ocrx_word' id='word_1_181' title='bbox 1844 2853 2079 2914; x_wconf 86' lang='lat' dir='ltr'><strong>saucius</strong></span> 
     </span>
    </p>

    <p class='ocr_par' dir='ltr' id='par_1_34' title="bbox 1551 2956 2065 3039">
     <span class='ocr_line' id='line_1_59' title="bbox 1551 2956 2065 3039; baseline -0.002 -24"><span class='ocrx_word' id='word_1_182' title='bbox 1551 2956 1746 3039; x_wconf 69' lang='lat' dir='ltr'><strong>hesito</strong></span> <span class='ocrx_word' id='word_1_183' title='bbox 1791 2960 2033 3033; x_wconf 85' lang='lat' dir='ltr'><strong>stupore</strong></span> <span class='ocrx_word' id='word_1_184' title='bbox 2048 2998 2065 3025; x_wconf 93' lang='lat'><strong>,</strong></span> 
     </span>
    </p>

    <p class='ocr_par' dir='ltr' id='par_1_35' title="bbox 1550 3041 2235 3133">
     <span class='ocr_line' id='line_1_60' title="bbox 1550 3041 2235 3133; baseline -0.003 -16"><span class='ocrx_word' id='word_1_185' title='bbox 1550 3041 1760 3117; x_wconf 57' lang='lat' dir='ltr'><strong>stulto*</strong></span> <span class='ocrx_word' id='word_1_186' title='bbox 1779 3072 1990 3133; x_wconf 85' lang='lat' dir='ltr'><strong>carpor</strong></span> <span class='ocrx_word' id='word_1_187' title='bbox 2031 3056 2235 3116; x_wconf 85' lang='lat' dir='ltr'><strong>anxius</strong></span> 
     </span>
    </p>

    <p class='ocr_par' dir='ltr' id='par_1_36' title="bbox 1516 3155 2003 3227">
     <span class='ocr_line' id='line_1_61' title="bbox 1516 3155 2003 3227; baseline -0.002 -12"><span class='ocrx_word' id='word_1_188' title='bbox 1516 3159 1525 3170; x_wconf 87' lang='grc'><strong>’</strong></span> <span class='ocrx_word' id='word_1_189' title='bbox 1552 3158 1729 3215; x_wconf 88' lang='lat' dir='ltr'><strong>animi</strong></span> <span class='ocrx_word' id='word_1_190' title='bbox 1769 3155 1969 3216; x_wconf 81' lang='lat' dir='ltr'><strong>furore</strong></span> <span class='ocrx_word' id='word_1_191' title='bbox 1987 3199 2003 3227; x_wconf 90' lang='lat'>‚</span> 
     </span>
    </p>

    <p class='ocr_par' dir='ltr' id='par_1_37' title="bbox 1550 3255 2296 3334">
     <span class='ocr_line' id='line_1_62' title="bbox 1550 3255 2296 3334; baseline 0.001 -18"><span class='ocrx_word' id='word_1_192' title='bbox 1550 3273 1756 3317; x_wconf 83' lang='lat' dir='ltr'><strong>amens</strong></span> <span class='ocrx_word' id='word_1_193' title='bbox 1802 3273 2003 3317; x_wconf 85' lang='lat' dir='ltr'><strong>amans</strong></span> <span class='ocrx_word' id='word_1_194' title='bbox 2047 3255 2296 3334; x_wconf 87' lang='lat' dir='ltr'><strong>amplius</strong></span> 
     </span>
    </p>

    <p class='ocr_par' dir='ltr' id='par_1_38' title="bbox 1548 3357 2670 3437">
     <span class='ocr_line' id='line_1_63' title="bbox 1548 3357 2670 3437; baseline 0.003 -19"><span class='ocrx_word' id='word_1_195' title='bbox 1548 3357 1776 3437; x_wconf 85' lang='lat' dir='ltr'><strong>obligor</strong></span> <span class='ocrx_word' id='word_1_196' title='bbox 1818 3374 2050 3428; x_wconf 88' lang='lat' dir='ltr'><strong>amore,</strong></span> <span class='ocrx_word' id='word_1_197' title='bbox 2503 3358 2670 3437; x_wconf 87' lang='lat' dir='ltr'><strong>[rem.</strong></span> 
     </span>
    </p>
   </div>
   <div class='ocr_carea' id='block_1_18' title="bbox 1632 3460 2668 3613">
    <p class='ocr_par' dir='ltr' id='par_1_39' title="bbox 1632 3460 2668 3613">
     <span class='ocr_line' id='line_1_64' title="bbox 1632 3460 2668 3542; baseline 0.001 -22"><span class='ocrx_word' id='word_1_198' title='bbox 1632 3477 1745 3520; x_wconf 86' lang='lat' dir='ltr'><strong>neo</strong></span> <span class='ocrx_word' id='word_1_199' title='bbox 1773 3466 1972 3520; x_wconf 84' lang='lat' dir='ltr'><strong>tamen</strong></span> <span class='ocrx_word' id='word_1_200' title='bbox 2014 3465 2274 3542; x_wconf 64' lang='lat' dir='ltr'><strong>mestum</strong></span> <span class='ocrx_word' id='word_1_201' title='bbox 2309 3460 2467 3537; x_wconf 85' lang='lat' dir='ltr'><strong>pello</strong></span> <span class='ocrx_word' id='word_1_202' title='bbox 2504 3460 2668 3522; x_wconf 88' lang='lat' dir='ltr'><strong>dolo-</strong></span> 
     </span>
     <span class='ocr_line' id='line_1_65' title="bbox 2087 3560 2136 3613; baseline 0.02 -1"><span class='ocrx_word' id='word_1_203' title='bbox 2087 3560 2136 3613; x_wconf 86' lang='grc'><strong>8.</strong></span> 
     </span>
    </p>
   </div>
   <div class='ocr_carea' id='block_1_19' title="bbox 1540 3643 2385 4244">
    <p class='ocr_par' dir='ltr' id='par_1_40' title="bbox 1544 3643 2385 4037">
     <span class='ocr_line' id='line_1_66' title="bbox 1544 3643 2276 3733; baseline 0.004 -21"><span class='ocrx_word' id='word_1_204' title='bbox 1544 3643 1724 3716; x_wconf 83' lang='lat' dir='ltr'><strong>Melle</strong></span> <span class='ocrx_word' id='word_1_205' title='bbox 1768 3654 1903 3733; x_wconf 88' lang='lat' dir='ltr'><strong>plus</strong></span> <span class='ocrx_word' id='word_1_206' title='bbox 1948 3653 2276 3715; x_wconf 78' lang='lat' dir='ltr'><strong>circumlita</strong></span> 
     </span>
     <span class='ocr_line' id='line_1_67' title="bbox 1546 3738 2358 3836; baseline -0.001 -19"><span class='ocrx_word' id='word_1_207' title='bbox 1546 3759 1785 3835; x_wconf 84' lang='lat' dir='ltr'><strong>capiunt</strong></span> <span class='ocrx_word' id='word_1_208' title='bbox 1825 3774 2082 3828; x_wconf 82' lang='lat' dir='ltr'><strong>venena,</strong></span> <span class='ocrx_word' id='word_1_209' title='bbox 2215 3738 2221 3745; x_wconf 68' lang='grc'><strong>’</strong></span> <span class='ocrx_word' id='word_1_210' title='bbox 2352 3829 2358 3836; x_wconf 37' lang='grc'>,</span> 
     </span>
     <span class='ocr_line' id='line_1_68' title="bbox 1545 3856 2385 3919; baseline 0.001 -2"><span class='ocrx_word' id='word_1_211' title='bbox 1545 3856 1656 3918; x_wconf 82' lang='lat' dir='ltr'><strong>sed</strong></span> <span class='ocrx_word' id='word_1_212' title='bbox 1695 3865 1895 3919; x_wconf 87' lang='lat' dir='ltr'><strong>tamen</strong></span> <span class='ocrx_word' id='word_1_213' title='bbox 1937 3875 2106 3918; x_wconf 84' lang='lat' dir='ltr'><strong>meus</strong></span> <span class='ocrx_word' id='word_1_214' title='bbox 2150 3856 2385 3918; x_wconf 80' lang='lat' dir='ltr'><strong>insolita</strong></span> 
     </span>
     <span class='ocr_line' id='line_1_69' title="bbox 1544 3958 2146 4037; baseline 0.003 -20"><span class='ocrx_word' id='word_1_215' title='bbox 1544 3958 1849 4037; x_wconf 81' lang='lat' dir='ltr'><strong>stringitur</strong></span> <span class='ocrx_word' id='word_1_216' title='bbox 1889 3958 2146 4029; x_wconf 84' lang='lat' dir='ltr'><strong>habena,</strong></span> 
     </span>
    </p>

    <p class='ocr_par' dir='ltr' id='par_1_41' title="bbox 1540 4060 2205 4244">
     <span class='ocr_line' id='line_1_70' title="bbox 1542 4060 2205 4121; baseline 0.002 -2"><span class='ocrx_word' id='word_1_217' title='bbox 1542 4060 1674 4120; x_wconf 88' lang='lat' dir='ltr'><strong>eius</strong></span> <span class='ocrx_word' id='word_1_218' title='bbox 1717 4061 1879 4121; x_wconf 86' lang='lat' dir='ltr'><strong>virus</strong></span> <span class='ocrx_word' id='word_1_219' title='bbox 1923 4060 2068 4121; x_wconf 86' lang='lat' dir='ltr'><strong>mihi</strong></span> <span class='ocrx_word' id='word_1_220' title='bbox 2110 4066 2205 4121; x_wconf 88' lang='lat' dir='ltr'><strong>est</strong></span> 
     </span>
     <span class='ocr_line' id='line_1_71' title="bbox 1540 4159 2135 4244; baseline 0.003 -24"><span class='ocrx_word' id='word_1_221' title='bbox 1540 4159 1815 4222; x_wconf 82' lang='lat' dir='ltr'><strong>stimulus</strong></span> <span class='ocrx_word' id='word_1_222' title='bbox 1857 4167 1920 4221; x_wconf 90' lang='lat' dir='ltr'><strong>et</strong></span> <span class='ocrx_word' id='word_1_223' title='bbox 1961 4178 2135 4244; x_wconf 66' lang='lat' dir='ltr'><strong>pena.</strong></span> 
     </span>
    </p>
   </div>
   <div class='ocr_carea' id='block_1_20' title="bbox 1627 4260 2575 4347">
    <p class='ocr_par' dir='ltr' id='par_1_42' title="bbox 1627 4260 2575 4347">
     <span class='ocr_line' id='line_1_72' title="bbox 1627 4260 2575 4347; baseline 0.002 -24"><span class='ocrx_word' id='word_1_224' title='bbox 1627 4260 1858 4325; x_wconf 87' lang='lat' dir='ltr'><strong>Tereus</strong></span> <span class='ocrx_word' id='word_1_225' title='bbox 1901 4264 2073 4347; x_wconf 68' lang='lat' dir='ltr'><strong>heret</strong></span> <span class='ocrx_word' id='word_1_226' title='bbox 2114 4265 2174 4324; x_wconf 90' lang='lat' dir='ltr'><strong>in</strong></span> <span class='ocrx_word' id='word_1_227' title='bbox 2217 4261 2575 4327; x_wconf 86' lang='lat' dir='ltr'><strong>Philomena.</strong></span> 
     </span>
    </p>
   </div>
  </div>
 </body>
</html>
