3155 4946
843 563 888 609 7.

295 654 432 725 Vidi
477 662 762 743 quosdam
811 662 1054 725 ‘divites’

293 783 487 844 nuper
530 767 882 837 convenire,

295 865 369 928 de
410 866 641 930 festivis
684 867 943 928 vestibus

293 977 464 1048 gestu
508 968 848 1048 superbire,

293 1089 429 1133 cum
474 1070 762 1133 haberent
802 1072 974 1150 pallia

289 1175 594 1235 vetustatis
639 1178 815 1258 mire,

288 1291 409 1357 que
452 1273 652 1336 Ulixes
696 1274 932 1337 rediens

287 1381 497 1454 posset
537 1380 819 1455 reperire.

823 1547 877 1597 8.

287 1638 518 1709 Color
562 1663 712 1730 sepe
756 1646 941 1728 palliis

288 1754 351 1809 et
389 1747 637 1808 forma
679 1755 954 1810 mutatur.

290 1846 559 1918 Color,
605 1865 743 1909 cum
787 1867 895 1927 pro
937 1849 1105 1910 viridi

164 1952 170 1956 ’
288 1948 528 2011 rubrum
574 1956 927 2028 conparatur
946 1997 961 2021 ,

283 2049 379 2112 vel
424 2050 586 2129 quod
630 2061 721 2114 est
765 2053 1007 2113 interius

283 2149 426 2210 foris
472 2153 793 2230 regiratur,

282 2250 376 2312 vel
422 2267 558 2312 eum
601 2269 634 2313 a
677 2252 1021 2313 tinctoribus

285 2351 451 2413 color
495 2353 809 2414 coloratur.

828 2522 877 2573 9.

280 2613 580 2695 Forma,
629 2643 766 2687 cum
809 2629 871 2687 in
914 2630 1099 2688 varias

280 2723 505 2787 formas
550 2725 702 2787 ‘sint'
747 2733 965 2788 mutata

281 2827 633 2888 vestimenta
677 2826 915 2891 divitum

282 2926 413 3003 vice
459 2928 689 2988 variata.
738 2961 817 2972 —

282 3024 347 3087 ln
393 3046 543 3090 nova
586 3028 702 3091 fert
746 3033 969 3094 animus

282 3124 482 3190 dicere
525 3137 742 3191 mutata

280 3235 514 3301 vetera,
557 3232 655 3294 vel
698 3235 892 3311 potius

279 3333 395 3393 sint
434 3335 786 3397 inveterata:

808 3502 893 3554 10.

279 3592 416 3664 Vidi
460 3602 753 3681 quosdam
798 3604 1005 3667 divites

277 3704 435 3788 fame
476 3706 622 3766 satis
666 3705 826 3788 clare

277 3804 498 3866 formas
542 3807 599 3866 in
645 3805 996 3885 multiplices

279 3913 478 3967 vestes
522 3907 773 3978 variare,

282 4012 487 4068 contra
529 4007 711 4087 frigus
754 4007 962 4070 hiemis

279 4108 518 4188 pallium
560 4125 812 4188 cappare
831 4153 849 4180 ‚

279 4210 435 4271 veris
479 4208 555 4272 ad
595 4211 898 4273 introitum

280 4326 527 4390 cappam
570 4309 829 4390 palliare.

1414 368 1514 456 75.
1593 380 1597 383 ,

2009 563 2091 615 11.

1479 654 1635 724 Cum
1679 663 1791 724 hoc
1836 665 2038 724 tritum
2082 664 2285 746 sepius

1476 765 1683 847 sepius
1726 762 1965 835 refecit,

1476 871 1538 925 et
1579 871 1920 943 respectum
1964 865 2167 946 sepius

1475 969 1679 1051 sepius
1724 966 1969 1035 defecit,

1477 1068 1664 1130 noluit
1706 1068 1939 1133 abicere

1475 1170 1704 1242 statim,
1749 1185 1864 1230 nec
1910 1167 2157 1239 abiecit,

1476 1271 1587 1334 sed
1629 1276 1977 1351 parcentem
2020 1272 2221 1353 tunice

1473 1375 1712 1454 iuppam
1756 1373 1866 1436 sibi
1909 1372 2066 1434 fecit.

2013 1541 2093 1592 12.

1474 1638 1580 1709 Sic
1624 1651 1685 1709 in
1728 1644 1974 1708 modum
2020 1644 2310 1724 Gorgonis

1472 1749 1719 1812 formam
1763 1747 2228 1817 transformavit,

1472 1854 1654 1912 immo
1699 1852 1882 1911 mirus
1927 1847 2134 1910 artifex

1470 1949 2089 2031 ‘hermaphroditavit’,

1471 2052 1813 2119 masculavit
1853 2052 2170 2138 feminam.

1470 2170 1695 2214 marem
1739 2152 2065 2222 feminam,

1470 2261 1532 2316 et
1570 2256 1815 2316 vincens
1856 2251 2148 2315 Tiresiam

1470 2373 1677 2418 sexum
1719 2354 1987 2417 tertiavit.

1992 2520 2072 2575 13.

1466 2619 1689 2690 Parum
1733 2629 1841 2688 sibi
1884 2627 2071 2701 fuerat

1463 2729 1703 2808 pallium
1746 2743 1996 2806 cappare
2023 2771 2039 2797 ‚

1466 2850 1500 2891 e
1546 2846 1836 2892 converso
1882 2827 2163 2909 deinceps

1466 2948 1712 3011 cappam
1757 2931 2027 3010 palliare,

1465 3037 1844 3111 recappatum
1886 3029 2127 3108 pallium

1464 3134 1524 3192 in
1566 3134 1804 3209 iuppam
1847 3139 2103 3201 mutare,

1467 3236 1516 3294 si
1560 3250 1681 3293 non
1725 3231 1960 3296 tandem
2004 3232 2226 3296 faceret

1436 3324 1440 3328 ’
1463 3335 1699 3414 iuppam
1744 3333 2009 3413 caligare.

1868 3501 1872 3506 '
1963 3498 2045 3551 14.

1456 3593 1594 3665 Hoc
1637 3601 1949 3664 Galtherus
1991 3601 2261 3683 subprior

1458 3706 1621 3766 iubet
1661 3706 1723 3764 in
1767 3703 2053 3776 decretis,

1459 3823 1534 3866 ne
1581 3804 1892 3866 mantellos
1937 3811 2167 3867 veteres

1460 3908 1603 3968 ‘vos’
1648 3905 1976 3967 refarinetis
1995 3951 2012 3977 ,

1458 4009 1726 4070 renovari
1769 4006 2086 4086 prohibens

1460 4109 1626 4171 calce
1671 4110 1764 4171 vel
1808 4111 1869 4169 in
1912 4113 2106 4172 cretis.

1457 4209 1589 4273 Hoc
1636 4210 1943 4273 decretum
1984 4219 2149 4274 vacat
2188 4213 2338 4283 iam,

1460 4316 1613 4376 sicut
1658 4333 1762 4377 vos
1806 4315 2028 4378 videtis.
