3155 4946
1422 363 1549 431 253

859 533 940 585 1¹.

329 605 494 677 Ordo
535 625 744 681 noster
784 620 1058 696 prohihet
1506 623 1939 683 incrementum
1980 623 2193 701 recipit

324 721 412 780 uti
456 719 632 801 dupla
677 728 864 782 veste.
1504 739 1650 804 sepe
1694 741 1973 785 nummus
2014 742 2203 797 unus,

329 816 618 882 Tunicam
660 825 764 903 qui
807 825 1052 902 recipit,
1503 841 1644 885 cum
1684 824 1761 887 ad
1800 825 2007 887 ludum
2049 824 2272 887 sederit

324 926 394 982 ut
436 922 610 984 vadat
649 926 753 986 vix
785 925 1067 998 honeste,
1499 926 1666 988 lusor
1707 936 2051 1008 oportunus.

323 1022 567 1103 pallium
606 1042 745 1089 mox
784 1016 955 1090 reicit
2020 1044 2104 1097 14.

323 1123 510 1186 Decio
552 1133 822 1189 conteste
837 1174 855 1201 ,
1497 1116 1695 1189 Nemo
1737 1130 1797 1189 in
1840 1132 2054 1193 itinere

320 1229 625 1306 cingulum
665 1231 804 1292 huic
845 1229 1098 1292 detrahit
1498 1234 1829 1293 contrarius
1871 1235 1950 1292 sit
1988 1234 2184 1295 ventis
2198 1279 2216 1307 ,

306 1327 496 1392 ludus
535 1332 866 1394 manifeste.
1497 1350 1613 1393 nec
1656 1351 1692 1396 a
1731 1341 2083 1415 paupertate

841 1448 922 1503 12.
1493 1432 1648 1497 ferat
1687 1435 1917 1499 vultum
1958 1436 2213 1499 dolentis
2229 1483 2249 1511 ,

321 1521 501 1609 Quod
543 1534 619 1597 de
663 1537 912 1597 summis
952 1533 1197 1608 dicitnr,
1366 1584 1369 1587 ,
1492 1535 1606 1598 sed
1646 1554 1820 1618 spem
1860 1539 1973 1601 sihi
2011 1550 2304 1621 proponat

318 1637 379 1696 in
419 1638 556 1698 imis
594 1643 902 1700 teneatur:
1493 1657 1737 1719 semper
1778 1642 2143 1707 consulentis
2157 1688 2177 1717 ,

320 1740 563 1801 camisia
603 1741 705 1818 qui
744 1738 957 1801 fruitur
1493 1760 1631 1805 nam
1674 1752 1813 1822 post
1853 1743 2073 1824 grande
2115 1745 2338 1808 malum

316 1839 545 1906 braccis
587 1859 707 1903 non
747 1848 982 1914 utatur-3
1210 1866 1219 1875 ·
1487 1865 1621 1908 sors
1664 1850 1933 1926 seqnitur
1971 1848 2300 1931 gaudentis.

316 1942 504 2020 caliga
546 1943 601 2003 si
639 1944 937 2022 sequitur,
2005 1968 2085 2019 15.

316 2040 553 2103 calceus
595 2061 714 2103 non
755 2043 1004 2115 feratur3
1483 2039 1594 2113 Ad
1634 2068 1785 2130 quos
1826 2054 2215 2132 preveneritis
2230 2097 2250 2127 ,

309 2160 448 2203 nam
488 2147 592 2222 qui
633 2144 747 2205 hoc
787 2144 1243 2225 transgreditur,
1483 2151 1693 2214 dicatis
1737 2155 1825 2214 eis
1841 2199 1860 2227 ,
1902 2172 2086 2234 quare

311 2249 866 2308 excommunicatur.
1479 2252 1847 2330 singulorum
1888 2257 2107 2336 cupttis

830 2360 914 2417 13.
1479 2372 1679 2415 mores
1725 2357 2108 2434 exprobrare:

305 2436 503 2509 Nemo
543 2466 792 2528 prorsus
835 2455 1006 2512 exeat
1481 2457 1869 2537 “reprobrare
1911 2460 2197 2540 reprobos

300 2551 626 2629 hospitium
666 2551 900 2614 ieiunus
920 2599 939 2625 ,
1481 2564 1544 2619 et
1584 2561 1805 2637 probos
1848 2563 2096 2639 probare
2110 2608 2128 2636 ,

302 2659 366 2712 et
406 2656 460 2712 si
499 2670 727 2732 pauper
767 2653 975 2727 fuerit,
1477 2667 1537 2720 et
1580 2661 1798 2739 probos
1843 2662 1914 2723 ah
1955 2665 2237 2743 improbis

301 2770 541 2831 semper
580 2762 745 2832 petat
787 2774 1030 2828 munus,
1472 2762 1611 2824 veni
1654 2765 2025 2845 segregare.”

1371 3077 1534 3153 195.

1335 3206 1437 3256 (τοι.
1460 3208 1556 3256 97.)

826 3291 852 3342 1
2002 3306 2036 3357 3

294 3357 463 3435 “Cu
481 3328 1060 3452 animadverterem·3,
1082 3378 1224 3442 dicit
1248 3379 1413 3442 Cato.
1466 3373 1538 3446 Si
1582 3383 1794 3466 aliquis
1837 3343 2072 3454 «inbibat
2111 3396 2372 3457 tunicam
2385 3442 2404 3470 ,

289 3473 437 3546 Quis
479 3494 578 3536 me
620 3477 919 3558 redarguit
961 3480 1037 3543 de
1079 3490 1329 3561 peccato
1342 3481 1377 3543 ἲ
1464 3496 1679 3567 postea
1720 3488 1962 3552 deludat
2004 3496 2307 3559 camisiam
2324 3543 2344 3571 ,

287 3573 552 3637 Laudem
593 3583 656 3637 et
693 3579 983 3641 honorem
1025 3585 1293 3644 canimus
1466 3595 1530 3649 et
1569 3591 1626 3650 si
1665 3590 1885 3670 aliquid
1925 3593 2061 3671 plns
2102 3595 2180 3657 de
2222 3615 2290 3659 re
2331 3603 2566 3681 sapitis,

690 3797 844 3843 mus.
1868 3795 1944 3858 ad
1984 3801 2269 3863 verticem
2311 3808 2539 3884 capitis.
2664 3834 2677 3843 ·

813 3892 866 3947 2.
1458 3888 1629 3955 Tunc
1672 3894 1838 3956 eritis
1881 3902 2130 3962 comites
2158 3905 2581 3983 apostolorum,

277 3969 442 4060 Ergo
470 3977 683 4042 fratres
711 3980 1032 4057 karissimi,
1075 3985 1404 4067 intelligite,
1455 3995 1595 4071 quia
1633 3996 1698 4056 in
1738 4013 1979 4061 omnem
2010 4008 2233 4065 terram
2258 4009 2436 4071 exivit
2477 4028 2579 4072 so-

276 4086 344 4141 et
384 4079 460 4141 ad
501 4097 606 4142 ora
646 4080 860 4160 pocula
901 4088 1180 4165 porrigite
1195 4133 1214 4161 ,
1857 4117 1971 4162 nus
2015 4120 2252 4179 eorum,

277 4186 342 4240 et
381 4182 435 4241 si
477 4181 687 4261 aliquis
729 4183 1053 4247 inebrietur
1092 4205 1166 4250 ex
1212 4191 1399 4265 vohis,
1451 4201 1517 4257 et
1554 4176 1629 4261 in'
1657 4198 1808 4262 fines
1851 4202 2009 4264 orhis
2052 4212 2211 4289 terre
2242 4210 2424 4272 verba
2465 4230 2575 4275 eo‘

274 4278 534 4345 declinet
572 4300 846 4348 seorsum
887 4303 924 4348 a
964 4288 1153 4351 nohis.
1856 4318 2007 4369 rum.
