<?xml version="1.0" encoding="UTF-8"?>
<!DOCTYPE html PUBLIC "-//W3C//DTD XHTML 1.0 Transitional//EN"
    "http://www.w3.org/TR/xhtml1/DTD/xhtml1-transitional.dtd">
<html xmlns="http://www.w3.org/1999/xhtml" xml:lang="en" lang="en">
 <head>
  <title>
</title>
<meta http-equiv="Content-Type" content="text/html;charset=utf-8" />
  <meta name='ocr-system' content='tesseract 3.04.00' />
  <meta name='ocr-capabilities' content='ocr_page ocr_carea ocr_par ocr_line ocrx_word'/>
</head>
<body>
  <div class='ocr_page' id='page_1' title='image "./carminaburanala00unkngoog_0076.png"; bbox 0 0 3155 4946; ppageno 0'>
   <div class='ocr_carea' id='block_1_1' title="bbox 495 322 2412 1908">
    <p class='ocr_par' dir='ltr' id='par_1_1' title="bbox 1587 322 1675 391">
     <span class='ocr_line' id='line_1_1' title="bbox 1587 322 1675 391; baseline 0 0"><span class='ocrx_word' id='word_1_1' title='bbox 1587 322 1675 391; x_wconf 75' lang='lat'>44</span> 
     </span>
    </p>

    <p class='ocr_par' dir='ltr' id='par_1_2' title="bbox 585 500 1909 594">
     <span class='ocr_line' id='line_1_2' title="bbox 585 500 1909 594; baseline 0.002 -21"><span class='ocrx_word' id='word_1_2' title='bbox 585 500 848 576; x_wconf 90' lang='lat' dir='ltr'>Nummo</span> <span class='ocrx_word' id='word_1_3' title='bbox 891 514 1112 577; x_wconf 83' lang='lat' dir='ltr'>venalis</span> <span class='ocrx_word' id='word_1_4' title='bbox 1157 513 1308 577; x_wconf 76' lang='lat' dir='ltr'>favet</span> <span class='ocrx_word' id='word_1_5' title='bbox 1354 513 1502 578; x_wconf 87' lang='lat' dir='ltr'>ordo</span> <span class='ocrx_word' id='word_1_6' title='bbox 1543 513 1909 594; x_wconf 77' lang='lat' dir='ltr'>pontificalis.</span> 
     </span>
    </p>

    <p class='ocr_par' dir='ltr' id='par_1_3' title="bbox 531 619 2381 838">
     <span class='ocr_line' id='line_1_3' title="bbox 584 619 2069 713; baseline 0.002 -22"><span class='ocrx_word' id='word_1_7' title='bbox 584 619 881 694; x_wconf 91' lang='lat' dir='ltr'>Nummus</span> <span class='ocrx_word' id='word_1_8' title='bbox 925 650 1272 713; x_wconf 78' lang='lat' dir='ltr'>magnorum</span> <span class='ocrx_word' id='word_1_9' title='bbox 1314 632 1491 695; x_wconf 81' lang='lat' dir='ltr'>iudex</span> <span class='ocrx_word' id='word_1_10' title='bbox 1533 638 1624 695; x_wconf 80' lang='lat' dir='ltr'>est</span> <span class='ocrx_word' id='word_1_11' title='bbox 1668 632 2069 697; x_wconf 89' lang='lat' dir='ltr'>conciliorum.</span> 
     </span>
     <span class='ocr_line' id='line_1_4' title="bbox 531 737 2381 838; baseline 0.003 -29"><span class='ocrx_word' id='word_1_12' title='bbox 531 737 884 811; x_wconf 77' lang='lat' dir='ltr'>sNummus</span> <span class='ocrx_word' id='word_1_13' title='bbox 927 750 1079 812; x_wconf 88' lang='lat' dir='ltr'>bella</span> <span class='ocrx_word' id='word_1_14' title='bbox 1119 754 1296 830; x_wconf 78' lang='lat' dir='ltr'>gerit,</span> <span class='ocrx_word' id='word_1_15' title='bbox 1339 753 1390 813; x_wconf 83' lang='lat' dir='ltr'>si</span> <span class='ocrx_word' id='word_1_16' title='bbox 1433 752 1584 826; x_wconf 75' lang='lat' dir='ltr'>vult,</span> <span class='ocrx_word' id='word_1_17' title='bbox 1626 765 1838 833; x_wconf 85' lang='lat' dir='ltr'>pacem</span> <span class='ocrx_word' id='word_1_18' title='bbox 1880 753 1988 815; x_wconf 87' lang='lat' dir='ltr'>sibi</span> <span class='ocrx_word' id='word_1_19' title='bbox 2032 754 2239 838; x_wconf 70' lang='lat' dir='ltr'>querit.</span> <span class='ocrx_word' id='word_1_20' title='bbox 2342 768 2381 787; x_wconf 60' lang='grc'>’-</span> 
     </span>
    </p>

    <p class='ocr_par' dir='ltr' id='par_1_4' title="bbox 589 856 2209 952">
     <span class='ocr_line' id='line_1_5' title="bbox 589 856 2209 952; baseline 0.005 -24"><span class='ocrx_word' id='word_1_21' title='bbox 589 856 885 929; x_wconf 81' lang='lat' dir='ltr'>Nummus</span> <span class='ocrx_word' id='word_1_22' title='bbox 931 869 1047 948; x_wconf 78' lang='lat' dir='ltr'>agit</span> <span class='ocrx_word' id='word_1_23' title='bbox 1089 869 1260 941; x_wconf 85' lang='lat' dir='ltr'>lites,</span> <span class='ocrx_word' id='word_1_24' title='bbox 1303 871 1442 949; x_wconf 84' lang='lat' dir='ltr'>quia</span> <span class='ocrx_word' id='word_1_25' title='bbox 1485 871 1606 933; x_wconf 83' lang='lat' dir='ltr'>vult</span> <span class='ocrx_word' id='word_1_26' title='bbox 1649 870 1954 952; x_wconf 77' lang='lat' dir='ltr'>deponere</span> <span class='ocrx_word' id='word_1_27' title='bbox 1999 871 2209 936; x_wconf 87' lang='lat' dir='ltr'>‘dites’.</span> 
     </span>
    </p>

    <p class='ocr_par' dir='ltr' id='par_1_5' title="bbox 591 975 2412 1070">
     <span class='ocr_line' id='line_1_6' title="bbox 591 975 2412 1070; baseline 0.003 -22"><span class='ocrx_word' id='word_1_28' title='bbox 591 975 807 1048; x_wconf 83' lang='lat' dir='ltr'>Omnia</span> <span class='ocrx_word' id='word_1_29' title='bbox 850 1004 1129 1050; x_wconf 90' lang='lat' dir='ltr'>nummus</span> <span class='ocrx_word' id='word_1_30' title='bbox 1171 989 1313 1050; x_wconf 84' lang='lat' dir='ltr'>emit</span> <span class='ocrx_word' id='word_1_31' title='bbox 1354 987 1708 1070; x_wconf 73' lang='lat' dir='ltr'>venditque,</span> <span class='ocrx_word' id='word_1_32' title='bbox 1754 989 1884 1066; x_wconf 86' lang='lat' dir='ltr'>dat,</span> <span class='ocrx_word' id='word_1_33' title='bbox 1930 996 1991 1051; x_wconf 85' lang='lat' dir='ltr'>et</span> <span class='ocrx_word' id='word_1_34' title='bbox 2035 988 2169 1051; x_wconf 85' lang='lat' dir='ltr'>data</span> <span class='ocrx_word' id='word_1_35' title='bbox 2212 988 2412 1054; x_wconf 87' lang='lat' dir='ltr'>demit.</span> 
     </span>
    </p>

    <p class='ocr_par' dir='ltr' id='par_1_6' title="bbox 587 1093 2126 1200">
     <span class='ocr_line' id='line_1_7' title="bbox 587 1093 2126 1200; baseline 0.004 -34"><span class='ocrx_word' id='word_1_36' title='bbox 587 1093 883 1170; x_wconf 78' lang='lat' dir='ltr'>Nummus</span> <span class='ocrx_word' id='word_1_37' title='bbox 930 1111 1240 1182; x_wconf 77' lang='lat' dir='ltr'>mentitur,</span> <span class='ocrx_word' id='word_1_38' title='bbox 1281 1126 1559 1200; x_wconf 68' lang='lat' dir='ltr'>punimus</span> <span class='ocrx_word' id='word_1_39' title='bbox 1603 1125 1774 1171; x_wconf 83' lang='lat' dir='ltr'>verax</span> <span class='ocrx_word' id='word_1_40' title='bbox 1818 1108 2126 1187; x_wconf 86' lang='lat' dir='ltr'>reperitur.</span> 
     </span>
    </p>

    <p class='ocr_par' dir='ltr' id='par_1_7' title="bbox 590 1212 2167 1310">
     <span class='ocr_line' id='line_1_8' title="bbox 590 1212 2167 1310; baseline 0.003 -25"><span class='ocrx_word' id='word_1_41' title='bbox 590 1212 889 1303; x_wconf 78' lang='lat' dir='ltr'>Nummus</span> <span class='ocrx_word' id='word_1_42' title='bbox 931 1230 1233 1310; x_wconf 85' lang='lat' dir='ltr'>periuros,</span> <span class='ocrx_word' id='word_1_43' title='bbox 1276 1229 1526 1293; x_wconf 74' lang='lat' dir='ltr'>miseros</span> <span class='ocrx_word' id='word_1_44' title='bbox 1569 1225 1712 1288; x_wconf 72' lang='lat' dir='ltr'>facit</span> <span class='ocrx_word' id='word_1_45' title='bbox 1753 1233 1815 1288; x_wconf 94' lang='lat' dir='ltr'>et</span> <span class='ocrx_word' id='word_1_46' title='bbox 1854 1228 2167 1307; x_wconf 88' lang='lat' dir='ltr'>perituros.</span> 
     </span>
    </p>

    <p class='ocr_par' dir='ltr' id='par_1_8' title="bbox 495 1332 2267 1908">
     <span class='ocr_line' id='line_1_9' title="bbox 495 1332 2222 1427; baseline 0.002 -23"><span class='ocrx_word' id='word_1_47' title='bbox 495 1349 570 1404; x_wconf 83' lang='lat'>10</span> <span class='ocrx_word' id='word_1_48' title='bbox 592 1332 888 1409; x_wconf 88' lang='lat' dir='ltr'>Nummus</span> <span class='ocrx_word' id='word_1_49' title='bbox 931 1363 1237 1410; x_wconf 84' lang='lat' dir='ltr'>avarorum</span> <span class='ocrx_word' id='word_1_50' title='bbox 1281 1347 1429 1410; x_wconf 83' lang='lat' dir='ltr'>deus</span> <span class='ocrx_word' id='word_1_51' title='bbox 1472 1355 1564 1409; x_wconf 85' lang='lat' dir='ltr'>est</span> <span class='ocrx_word' id='word_1_52' title='bbox 1608 1354 1670 1409; x_wconf 94' lang='lat' dir='ltr'>et</span> <span class='ocrx_word' id='word_1_53' title='bbox 1710 1364 1852 1427; x_wconf 85' lang='lat' dir='ltr'>spes</span> <span class='ocrx_word' id='word_1_54' title='bbox 1901 1345 2222 1427; x_wconf 75' lang='lat' dir='ltr'>avidorum.</span> 
     </span>
     <span class='ocr_line' id='line_1_10' title="bbox 588 1451 2183 1531; baseline 0.002 -8"><span class='ocrx_word' id='word_1_55' title='bbox 588 1451 883 1526; x_wconf 92' lang='lat' dir='ltr'>Nummus</span> <span class='ocrx_word' id='word_1_56' title='bbox 925 1466 984 1526; x_wconf 91' lang='lat' dir='ltr'>in</span> <span class='ocrx_word' id='word_1_57' title='bbox 1036 1483 1300 1528; x_wconf 88' lang='lat' dir='ltr'>errorem</span> <span class='ocrx_word' id='word_1_58' title='bbox 1347 1466 1658 1531; x_wconf 83' lang='lat' dir='ltr'>mulierum</span> <span class='ocrx_word' id='word_1_59' title='bbox 1700 1466 1862 1529; x_wconf 87' lang='lat' dir='ltr'>ducit</span> <span class='ocrx_word' id='word_1_60' title='bbox 1901 1482 2183 1528; x_wconf 86' lang='lat' dir='ltr'>amorem.</span> 
     </span>
     <span class='ocr_line' id='line_1_11' title="bbox 589 1569 2053 1666; baseline 0.001 -25"><span class='ocrx_word' id='word_1_61' title='bbox 589 1569 886 1644; x_wconf 92' lang='lat' dir='ltr'>Nummus</span> <span class='ocrx_word' id='word_1_62' title='bbox 929 1583 1166 1646; x_wconf 83' lang='lat' dir='ltr'>venales</span> <span class='ocrx_word' id='word_1_63' title='bbox 1209 1583 1480 1648; x_wconf 86' lang='lat' dir='ltr'>dominas</span> <span class='ocrx_word' id='word_1_64' title='bbox 1524 1585 1661 1648; x_wconf 75' lang='lat' dir='ltr'>facit</span> <span class='ocrx_word' id='word_1_65' title='bbox 1700 1584 2053 1666; x_wconf 77' lang='lat' dir='ltr'>imperiales.</span> 
     </span>
     <span class='ocr_line' id='line_1_12' title="bbox 588 1687 2093 1787; baseline 0.005 -27"><span class='ocrx_word' id='word_1_66' title='bbox 588 1687 885 1763; x_wconf 87' lang='lat' dir='ltr'>Nummus</span> <span class='ocrx_word' id='word_1_67' title='bbox 927 1708 1194 1784; x_wconf 81' lang='lat' dir='ltr'>raptores</span> <span class='ocrx_word' id='word_1_68' title='bbox 1237 1704 1376 1767; x_wconf 72' lang='lat' dir='ltr'>facit</span> <span class='ocrx_word' id='word_1_69' title='bbox 1416 1707 1585 1787; x_wconf 83' lang='lat' dir='ltr'>ipsos</span> <span class='ocrx_word' id='word_1_70' title='bbox 1626 1703 1963 1767; x_wconf 83' lang='lat' dir='ltr'>nobiliores.</span> <span class='ocrx_word' id='word_1_71' title='bbox 2081 1774 2093 1787; x_wconf 51' lang='lat'>,</span> 
     </span>
     <span class='ocr_line' id='line_1_13' title="bbox 587 1805 2267 1908; baseline 0.002 -31"><span class='ocrx_word' id='word_1_72' title='bbox 587 1805 887 1880; x_wconf 90' lang='lat' dir='ltr'>Nummus</span> <span class='ocrx_word' id='word_1_73' title='bbox 930 1818 1105 1883; x_wconf 88' lang='lat' dir='ltr'>babet</span> <span class='ocrx_word' id='word_1_74' title='bbox 1146 1823 1347 1903; x_wconf 89' lang='lat' dir='ltr'>plures</span> <span class='ocrx_word' id='word_1_75' title='bbox 1392 1840 1568 1904; x_wconf 82' lang='lat' dir='ltr'>quam</span> <span class='ocrx_word' id='word_1_76' title='bbox 1612 1822 1811 1908; x_wconf 74' lang='lat' dir='ltr'>celum</span> <span class='ocrx_word' id='word_1_77' title='bbox 1851 1819 2045 1885; x_wconf 86' lang='lat' dir='ltr'>sidera</span> <span class='ocrx_word' id='word_1_78' title='bbox 2087 1819 2267 1882; x_wconf 73' lang='lat' dir='ltr'>fures.</span> 
     </span>
    </p>
   </div>
   <div class='ocr_carea' id='block_1_2' title="bbox 492 1923 2403 2139">
    <p class='ocr_par' dir='ltr' id='par_1_9' title="bbox 492 1923 2403 2139">
     <span class='ocr_line' id='line_1_14' title="bbox 492 1923 2248 2035; baseline 0.003 -39"><span class='ocrx_word' id='word_1_79' title='bbox 492 1941 566 1996; x_wconf 71' lang='lat'>15</span> <span class='ocrx_word' id='word_1_80' title='bbox 588 1923 883 2002; x_wconf 91' lang='lat' dir='ltr'>Nummus</span> <span class='ocrx_word' id='word_1_81' title='bbox 925 1939 1023 2001; x_wconf 85' lang='lat' dir='ltr'>ubi</span> <span class='ocrx_word' id='word_1_82' title='bbox 1065 1940 1325 2020; x_wconf 85' lang='lat' dir='ltr'>placitat,</span> <span class='ocrx_word' id='word_1_83' title='bbox 1370 1944 1493 2035; x_wconf 54' lang='lat' dir='ltr'>{ito</span> <span class='ocrx_word' id='word_1_84' title='bbox 1535 1950 1749 2006; x_wconf 88' lang='lat' dir='ltr'>cuncta</span> <span class='ocrx_word' id='word_1_85' title='bbox 1791 1939 2052 2023; x_wconf 85' lang='lat' dir='ltr'>pericula</span> <span class='ocrx_word' id='word_1_86' title='bbox 2094 1940 2248 2004; x_wconf 84' lang='lat' dir='ltr'>vitat.</span> 
     </span>
     <span class='ocr_line' id='line_1_15' title="bbox 587 2044 2403 2139; baseline 0.001 -23"><span class='ocrx_word' id='word_1_87' title='bbox 587 2044 659 2116; x_wconf 89' lang='lat' dir='ltr'>Si</span> <span class='ocrx_word' id='word_1_88' title='bbox 701 2072 976 2120; x_wconf 89' lang='lat' dir='ltr'>nummus</span> <span class='ocrx_word' id='word_1_89' title='bbox 1020 2058 1312 2138; x_wconf 88' lang='lat' dir='ltr'>loquitur,</span> <span class='ocrx_word' id='word_1_90' title='bbox 1357 2060 1583 2139; x_wconf 84' lang='lat' dir='ltr'>pauper</span> <span class='ocrx_word' id='word_1_91' title='bbox 1621 2066 1811 2131; x_wconf 86' lang='lat' dir='ltr'>tacet,</span> <span class='ocrx_word' id='word_1_92' title='bbox 1855 2058 1971 2122; x_wconf 86' lang='lat' dir='ltr'>boc</span> <span class='ocrx_word' id='word_1_93' title='bbox 2005 2057 2160 2119; x_wconf 90' lang='lat' dir='ltr'>bene</span> <span class='ocrx_word' id='word_1_94' title='bbox 2202 2057 2403 2118; x_wconf 85' lang='lat' dir='ltr'>scitur.</span> 
     </span>
    </p>
   </div>
   <div class='ocr_carea' id='block_1_3' title="bbox 585 2161 2487 2250">
    <p class='ocr_par' dir='ltr' id='par_1_10' title="bbox 585 2161 2487 2250">
     <span class='ocr_line' id='line_1_16' title="bbox 585 2161 2487 2250; baseline 0.001 -16"><span class='ocrx_word' id='word_1_95' title='bbox 585 2161 882 2238; x_wconf 92' lang='lat' dir='ltr'>Nummus</span> <span class='ocrx_word' id='word_1_96' title='bbox 899 2220 918 2248; x_wconf 87' lang='lat'>,</span> <span class='ocrx_word' id='word_1_97' title='bbox 961 2182 1047 2238; x_wconf 83' lang='lat' dir='ltr'>‘ut</span> <span class='ocrx_word' id='word_1_98' title='bbox 1089 2181 1182 2238; x_wconf 88' lang='lat' dir='ltr'>est</span> <span class='ocrx_word' id='word_1_99' title='bbox 1223 2177 1488 2250; x_wconf 86' lang='lat' dir='ltr'>certum’,</span> <span class='ocrx_word' id='word_1_100' title='bbox 1530 2177 1777 2240; x_wconf 86' lang='lat' dir='ltr'>stultum</span> <span class='ocrx_word' id='word_1_101' title='bbox 1817 2176 1956 2245; x_wconf 72' lang='lat' dir='ltr'>facit</span> <span class='ocrx_word' id='word_1_102' title='bbox 1998 2193 2135 2238; x_wconf 88' lang='lat' dir='ltr'>esse</span> <span class='ocrx_word' id='word_1_103' title='bbox 2179 2174 2487 2237; x_wconf 88' lang='lat' dir='ltr'>disertum.</span> 
     </span>
    </p>
   </div>
   <div class='ocr_carea' id='block_1_4' title="bbox 491 2281 2363 3090">
    <p class='ocr_par' dir='ltr' id='par_1_11' title="bbox 491 2281 2363 3090">
     <span class='ocr_line' id='line_1_17' title="bbox 582 2281 2220 2378; baseline -0.001 -22"><span class='ocrx_word' id='word_1_104' title='bbox 582 2281 654 2356; x_wconf 88' lang='lat' dir='ltr'>ln</span> <span class='ocrx_word' id='word_1_105' title='bbox 699 2296 925 2358; x_wconf 87' lang='lat' dir='ltr'>nummi</span> <span class='ocrx_word' id='word_1_106' title='bbox 969 2313 1176 2358; x_wconf 87' lang='lat' dir='ltr'>mensa</span> <span class='ocrx_word' id='word_1_107' title='bbox 1218 2304 1357 2359; x_wconf 90' lang='lat' dir='ltr'>suut</span> <span class='ocrx_word' id='word_1_108' title='bbox 1397 2295 1707 2378; x_wconf 80' lang='lat' dir='ltr'>splendida</span> <span class='ocrx_word' id='word_1_109' title='bbox 1749 2296 1973 2359; x_wconf 76' lang='lat' dir='ltr'>fercula</span> <span class='ocrx_word' id='word_1_110' title='bbox 2017 2293 2220 2357; x_wconf 86' lang='lat' dir='ltr'>densa.</span> 
     </span>
     <span class='ocr_line' id='line_1_18' title="bbox 587 2400 2363 2497; baseline -0.001 -24"><span class='ocrx_word' id='word_1_111' title='bbox 587 2400 885 2476; x_wconf 86' lang='lat' dir='ltr'>Nummus</span> <span class='ocrx_word' id='word_1_112' title='bbox 927 2413 1099 2478; x_wconf 84' lang='lat' dir='ltr'>habet</span> <span class='ocrx_word' id='word_1_113' title='bbox 1139 2413 1440 2487; x_wconf 87' lang='lat' dir='ltr'>medicos,</span> <span class='ocrx_word' id='word_1_114' title='bbox 1482 2413 1731 2479; x_wconf 86' lang='lat' dir='ltr'>blandos</span> <span class='ocrx_word' id='word_1_115' title='bbox 1776 2414 2024 2497; x_wconf 83' lang='lat' dir='ltr'>acquirit</span> <span class='ocrx_word' id='word_1_116' title='bbox 2065 2413 2308 2476; x_wconf 87' lang='lat' dir='ltr'>amicos.</span> <span class='ocrx_word' id='word_1_117' title='bbox 2357 2478 2363 2484; x_wconf 59' lang='grc'><strong>,</strong></span> 
     </span>
     <span class='ocr_line' id='line_1_19' title="bbox 491 2507 2145 2617; baseline 0 -24"><span class='ocrx_word' id='word_1_118' title='bbox 491 2539 569 2594; x_wconf 77' lang='lat'>20</span> <span class='ocrx_word' id='word_1_119' title='bbox 592 2521 889 2597; x_wconf 88' lang='lat' dir='ltr'>Nummus</span> <span class='ocrx_word' id='word_1_120' title='bbox 929 2533 1197 2596; x_wconf 83' lang='lat' dir='ltr'>barbatos</span> <span class='ocrx_word' id='word_1_121' title='bbox 1238 2533 1437 2613; x_wconf 84' lang='lat' dir='ltr'>pisces</span> <span class='ocrx_word' id='word_1_122' title='bbox 1478 2534 1780 2604; x_wconf 71' lang='lat' dir='ltr'>:comedit’</span> <span class='ocrx_word' id='word_1_123' title='bbox 1826 2507 2145 2617; x_wconf 85' lang='lat' dir='ltr'>piperatos.</span> 
     </span>
     <span class='ocr_line' id='line_1_20' title="bbox 586 2640 2259 2734; baseline -0.001 -22"><span class='ocrx_word' id='word_1_124' title='bbox 586 2640 948 2714; x_wconf 73' lang='lat' dir='ltr'>Francorum</span> <span class='ocrx_word' id='word_1_125' title='bbox 995 2652 1189 2715; x_wconf 85' lang='lat' dir='ltr'>riuum</span> <span class='ocrx_word' id='word_1_126' title='bbox 1232 2670 1508 2715; x_wconf 86' lang='lat' dir='ltr'>nummus</span> <span class='ocrx_word' id='word_1_127' title='bbox 1549 2653 1692 2715; x_wconf 83' lang='lat' dir='ltr'>bibit</span> <span class='ocrx_word' id='word_1_128' title='bbox 1732 2658 1909 2734; x_wconf 86' lang='lat' dir='ltr'>atque</span> <span class='ocrx_word' id='word_1_129' title='bbox 1953 2650 2259 2713; x_wconf 80' lang='lat' dir='ltr'>marinum.</span> 
     </span>
     <span class='ocr_line' id='line_1_21' title="bbox 584 2759 2350 2854; baseline -0.002 -22"><span class='ocrx_word' id='word_1_130' title='bbox 584 2759 881 2835; x_wconf 89' lang='lat' dir='ltr'>Nummus</span> <span class='ocrx_word' id='word_1_131' title='bbox 926 2770 1101 2833; x_wconf 84' lang='lat' dir='ltr'>dulce</span> <span class='ocrx_word' id='word_1_132' title='bbox 1146 2777 1340 2851; x_wconf 87' lang='lat' dir='ltr'>putat,</span> <span class='ocrx_word' id='word_1_133' title='bbox 1384 2770 1543 2854; x_wconf 86' lang='lat' dir='ltr'>quod</span> <span class='ocrx_word' id='word_1_134' title='bbox 1589 2789 1727 2834; x_wconf 92' lang='lat' dir='ltr'>eum</span> <span class='ocrx_word' id='word_1_135' title='bbox 1769 2771 1917 2852; x_wconf 77' lang='lat' dir='ltr'>gens</span> <span class='ocrx_word' id='word_1_136' title='bbox 1957 2776 2079 2833; x_wconf 83' lang='lat' dir='ltr'>tota</span> <span class='ocrx_word' id='word_1_137' title='bbox 2122 2768 2350 2832; x_wconf 85' lang='lat' dir='ltr'>salutat.</span> 
     </span>
     <span class='ocr_line' id='line_1_22' title="bbox 586 2879 2101 2970; baseline -0.002 -19"><span class='ocrx_word' id='word_1_138' title='bbox 586 2879 882 2953; x_wconf 84' lang='lat' dir='ltr'>Nummus</span> <span class='ocrx_word' id='word_1_139' title='bbox 927 2890 1214 2953; x_wconf 75' lang='lat' dir='ltr'>formosas</span> <span class='ocrx_word' id='word_1_140' title='bbox 1258 2896 1454 2953; x_wconf 84' lang='lat' dir='ltr'>vestes</span> <span class='ocrx_word' id='word_1_141' title='bbox 1497 2893 1647 2970; x_wconf 79' lang='lat' dir='ltr'>gerit</span> <span class='ocrx_word' id='word_1_142' title='bbox 1690 2896 1748 2951; x_wconf 87' lang='lat' dir='ltr'>et</span> <span class='ocrx_word' id='word_1_143' title='bbox 1793 2889 2101 2969; x_wconf 87' lang='lat' dir='ltr'>pretiosas.</span> 
     </span>
     <span class='ocr_line' id='line_1_23' title="bbox 587 2997 2037 3090; baseline 0 -21"><span class='ocrx_word' id='word_1_144' title='bbox 587 2997 883 3071; x_wconf 90' lang='lat' dir='ltr'>Nummus</span> <span class='ocrx_word' id='word_1_145' title='bbox 927 3007 1235 3079; x_wconf 84' lang='lat' dir='ltr'>adoratur,</span> <span class='ocrx_word' id='word_1_146' title='bbox 1278 3010 1414 3090; x_wconf 84' lang='lat' dir='ltr'>quia</span> <span class='ocrx_word' id='word_1_147' title='bbox 1458 3010 1698 3073; x_wconf 83' lang='lat' dir='ltr'>virtutes</span> <span class='ocrx_word' id='word_1_148' title='bbox 1742 3014 2037 3086; x_wconf 77' lang='lat' dir='ltr'>operatur.</span> 
     </span>
    </p>
   </div>
   <div class='ocr_carea' id='block_1_5' title="bbox 487 3116 2358 3409">
    <p class='ocr_par' dir='ltr' id='par_1_12' title="bbox 487 3116 2358 3409">
     <span class='ocr_line' id='line_1_24' title="bbox 487 3116 2358 3211; baseline -0.002 -25"><span class='ocrx_word' id='word_1_149' title='bbox 487 3132 564 3186; x_wconf 77' lang='lat'>25</span> <span class='ocrx_word' id='word_1_150' title='bbox 588 3116 884 3194; x_wconf 87' lang='lat' dir='ltr'>Nummus</span> <span class='ocrx_word' id='word_1_151' title='bbox 930 3143 1107 3211; x_wconf 70' lang='lat' dir='ltr'>egros</span> <span class='ocrx_word' id='word_1_152' title='bbox 1149 3132 1348 3197; x_wconf 83' lang='lat' dir='ltr'>sanat,</span> <span class='ocrx_word' id='word_1_153' title='bbox 1393 3127 1730 3199; x_wconf 79' lang='lat' dir='ltr'>confirmat,</span> <span class='ocrx_word' id='word_1_154' title='bbox 1775 3133 1833 3188; x_wconf 85' lang='lat' dir='ltr'>et</span> <span class='ocrx_word' id='word_1_155' title='bbox 1878 3142 2089 3207; x_wconf 85' lang='lat' dir='ltr'>aspera</span> <span class='ocrx_word' id='word_1_156' title='bbox 2131 3124 2358 3205; x_wconf 84' lang='lat' dir='ltr'>planat,</span> 
     </span>
     <span class='ocr_line' id='line_1_25' title="bbox 585 3226 2177 3312; baseline -0.004 -19"><span class='ocrx_word' id='word_1_157' title='bbox 585 3228 697 3293; x_wconf 84' lang='lat' dir='ltr'>vile</span> <span class='ocrx_word' id='word_1_158' title='bbox 741 3228 878 3291; x_wconf 75' lang='lat' dir='ltr'>facit</span> <span class='ocrx_word' id='word_1_159' title='bbox 919 3244 1153 3300; x_wconf 87' lang='lat' dir='ltr'>carum,</span> <span class='ocrx_word' id='word_1_160' title='bbox 1196 3227 1604 3312; x_wconf 70' lang='lat' dir='ltr'>predulceque</span> <span class='ocrx_word' id='word_1_161' title='bbox 1649 3226 1840 3289; x_wconf 87' lang='lat' dir='ltr'>reddit</span> <span class='ocrx_word' id='word_1_162' title='bbox 1881 3243 2177 3297; x_wconf 87' lang='lat' dir='ltr'>amarum,</span> 
     </span>
     <span class='ocr_line' id='line_1_26' title="bbox 585 3326 2110 3409; baseline -0.005 -19"><span class='ocrx_word' id='word_1_163' title='bbox 585 3338 645 3392; x_wconf 88' lang='lat' dir='ltr'>et</span> <span class='ocrx_word' id='word_1_164' title='bbox 684 3327 823 3392; x_wconf 73' lang='lat' dir='ltr'>iacit</span> <span class='ocrx_word' id='word_1_165' title='bbox 864 3327 1067 3391; x_wconf 89' lang='lat' dir='ltr'>audire</span> <span class='ocrx_word' id='word_1_166' title='bbox 1111 3327 1362 3402; x_wconf 89' lang='lat' dir='ltr'>surdos,</span> <span class='ocrx_word' id='word_1_167' title='bbox 1408 3327 1774 3409; x_wconf 87' lang='lat' dir='ltr'>claudosque</span> <span class='ocrx_word' id='word_1_168' title='bbox 1818 3326 2013 3390; x_wconf 86' lang='lat' dir='ltr'>salire.</span> <span class='ocrx_word' id='word_1_169' title='bbox 2101 3376 2110 3382; x_wconf 90' lang='lat'>.</span> 
     </span>
    </p>
   </div>
   <div class='ocr_carea' id='block_1_6' title="bbox 583 3436 2218 3635">
    <p class='ocr_par' dir='ltr' id='par_1_13' title="bbox 583 3436 2218 3635">
     <span class='ocr_line' id='line_1_27' title="bbox 583 3436 2161 3542; baseline -0.001 -34"><span class='ocrx_word' id='word_1_170' title='bbox 583 3436 681 3509; x_wconf 90' lang='lat' dir='ltr'>De</span> <span class='ocrx_word' id='word_1_171' title='bbox 725 3466 968 3512; x_wconf 90' lang='lat' dir='ltr'>nummo</span> <span class='ocrx_word' id='word_1_172' title='bbox 1011 3446 1269 3531; x_wconf 72' lang='lat' dir='ltr'>quedam</span> <span class='ocrx_word' id='word_1_173' title='bbox 1313 3447 1533 3542; x_wconf 79' lang='lat' dir='ltr'>maiora</span> <span class='ocrx_word' id='word_1_174' title='bbox 1580 3444 1905 3526; x_wconf 85' lang='lat' dir='ltr'>‘prioribus’</span> <span class='ocrx_word' id='word_1_175' title='bbox 1950 3444 2161 3513; x_wconf 82' lang='lat' dir='ltr'>edam:</span> 
     </span>
     <span class='ocr_line' id='line_1_28' title="bbox 585 3557 2218 3635; baseline -0.002 -8"><span class='ocrx_word' id='word_1_176' title='bbox 585 3557 722 3629; x_wconf 82' lang='lat' dir='ltr'>Vidi</span> <span class='ocrx_word' id='word_1_177' title='bbox 767 3573 1099 3630; x_wconf 73' lang='lat' dir='ltr'>cantantem</span> <span class='ocrx_word' id='word_1_178' title='bbox 1141 3561 1451 3628; x_wconf 83' lang='lat' dir='ltr'>nummum</span> <span class='ocrx_word' id='word_1_179' title='bbox 1495 3566 1739 3626; x_wconf 82' lang='lat' dir='ltr'>missam</span> <span class='ocrx_word' id='word_1_180' title='bbox 1782 3562 2218 3635; x_wconf 86' lang='lat' dir='ltr'>celebrantem,</span> 
     </span>
    </p>
   </div>
   <div class='ocr_carea' id='block_1_7' title="bbox 489 3681 2173 3967">
    <p class='ocr_par' dir='ltr' id='par_1_14' title="bbox 489 3681 2173 3967">
     <span class='ocr_line' id='line_1_29' title="bbox 489 3681 2173 3763; baseline -0.001 -18"><span class='ocrx_word' id='word_1_181' title='bbox 489 3690 566 3746; x_wconf 75' lang='lat'>80</span> <span class='ocrx_word' id='word_1_182' title='bbox 587 3703 860 3747; x_wconf 86' lang='lat' dir='ltr'>nummus</span> <span class='ocrx_word' id='word_1_183' title='bbox 903 3683 1200 3754; x_wconf 87' lang='lat' dir='ltr'>cantabat,</span> <span class='ocrx_word' id='word_1_184' title='bbox 1246 3700 1523 3745; x_wconf 90' lang='lat' dir='ltr'>nummus</span> <span class='ocrx_word' id='word_1_185' title='bbox 1568 3699 1855 3763; x_wconf 88' lang='lat' dir='ltr'>responsa</span> <span class='ocrx_word' id='word_1_186' title='bbox 1897 3681 2173 3761; x_wconf 88' lang='lat' dir='ltr'>parabat,</span> 
     </span>
     <span class='ocr_line' id='line_1_30' title="bbox 585 3781 2100 3866; baseline -0.005 -16"><span class='ocrx_word' id='word_1_187' title='bbox 585 3787 737 3859; x_wconf 80' lang='lat' dir='ltr'>vidi,</span> <span class='ocrx_word' id='word_1_188' title='bbox 780 3785 941 3866; x_wconf 85' lang='lat' dir='ltr'>quod</span> <span class='ocrx_word' id='word_1_189' title='bbox 987 3784 1195 3857; x_wconf 87' lang='lat' dir='ltr'>flebat,</span> <span class='ocrx_word' id='word_1_190' title='bbox 1242 3784 1381 3848; x_wconf 89' lang='lat' dir='ltr'>dum</span> <span class='ocrx_word' id='word_1_191' title='bbox 1430 3801 1772 3846; x_wconf 88' lang='lat' dir='ltr'>sermonem</span> <span class='ocrx_word' id='word_1_192' title='bbox 1816 3781 2100 3853; x_wconf 76' lang='lat' dir='ltr'>faciebat,</span> 
     </span>
     <span class='ocr_line' id='line_1_31' title="bbox 586 3884 1965 3967; baseline -0.003 -18"><span class='ocrx_word' id='word_1_193' title='bbox 586 3894 646 3963; x_wconf 86' lang='lat' dir='ltr'>et</span> <span class='ocrx_word' id='word_1_194' title='bbox 687 3885 1060 3958; x_wconf 83' lang='lat' dir='ltr'>subridebat,</span> <span class='ocrx_word' id='word_1_195' title='bbox 1103 3888 1390 3966; x_wconf 91' lang='lat' dir='ltr'>populum</span> <span class='ocrx_word' id='word_1_196' title='bbox 1434 3888 1571 3967; x_wconf 86' lang='lat' dir='ltr'>quia</span> <span class='ocrx_word' id='word_1_197' title='bbox 1617 3884 1965 3965; x_wconf 88' lang='lat' dir='ltr'>decipiebat.</span> 
     </span>
    </p>
   </div>
   <div class='ocr_carea' id='block_1_8' title="bbox 466 3992 2227 4085">
    <p class='ocr_par' dir='ltr' id='par_1_15' title="bbox 466 3992 2227 4085">
     <span class='ocr_line' id='line_1_32' title="bbox 466 3992 2227 4085; baseline -0.003 -17"><span class='ocrx_word' id='word_1_198' title='bbox 466 4070 482 4085; x_wconf 70' lang='grc'><em>,</em></span> <span class='ocrx_word' id='word_1_199' title='bbox 588 3992 840 4069; x_wconf 86' lang='lat' dir='ltr'>‘Nullus&#39;</span> <span class='ocrx_word' id='word_1_200' title='bbox 882 4007 1205 4068; x_wconf 84' lang='lat' dir='ltr'>bonoratur</span> <span class='ocrx_word' id='word_1_201' title='bbox 1248 4007 1377 4067; x_wconf 87' lang='lat' dir='ltr'>sine</span> <span class='ocrx_word' id='word_1_202' title='bbox 1425 4022 1702 4075; x_wconf 92' lang='lat' dir='ltr'>nummo,</span> <span class='ocrx_word' id='word_1_203' title='bbox 1746 4001 1941 4064; x_wconf 89' lang='lat' dir='ltr'>nullus</span> <span class='ocrx_word' id='word_1_204' title='bbox 1986 4008 2227 4064; x_wconf 89' lang='lat' dir='ltr'>amatur.</span> 
     </span>
    </p>
   </div>
   <div class='ocr_carea' id='block_1_9' title="bbox 584 4110 2649 4219">
    <p class='ocr_par' dir='ltr' id='par_1_16' title="bbox 584 4110 2649 4219">
     <span class='ocr_line' id='line_1_33' title="bbox 584 4110 2649 4219; baseline -0.006 -31"><span class='ocrx_word' id='word_1_205' title='bbox 584 4110 801 4202; x_wconf 85' lang='lat' dir='ltr'>‘Quem</span> <span class='ocrx_word' id='word_1_206' title='bbox 841 4144 990 4206; x_wconf 78' lang='lat' dir='ltr'>gens</span> <span class='ocrx_word' id='word_1_207' title='bbox 1033 4123 1309 4196; x_wconf 76' lang='lat' dir='ltr'>infamat’,</span> <span class='ocrx_word' id='word_1_208' title='bbox 1354 4140 1629 4219; x_wconf 81' lang='lat' dir='ltr'>nummus</span> <span class='ocrx_word' id='word_1_209' title='bbox 1676 4121 1954 4202; x_wconf 86' lang='lat' dir='ltr'>„‘probus</span> <span class='ocrx_word' id='word_1_210' title='bbox 1997 4119 2105 4181; x_wconf 89' lang='lat' dir='ltr'>est&#39;</span> <span class='ocrx_word' id='word_1_211' title='bbox 2151 4119 2370 4181; x_wconf 84' lang='lat' dir='ltr'>bomo“</span> <span class='ocrx_word' id='word_1_212' title='bbox 2416 4116 2649 4177; x_wconf 85' lang='lat' dir='ltr'>clamat.</span> 
     </span>
    </p>
   </div>
   <div class='ocr_carea' id='block_1_10' title="bbox 488 4234 2294 4325">
    <p class='ocr_par' dir='ltr' id='par_1_17' title="bbox 488 4234 2294 4325">
     <span class='ocr_line' id='line_1_34' title="bbox 488 4234 2294 4325; baseline -0.003 -18"><span class='ocrx_word' id='word_1_213' title='bbox 488 4252 563 4307; x_wconf 74' lang='lat'>⁸5</span> <span class='ocrx_word' id='word_1_214' title='bbox 584 4234 749 4308; x_wconf 88' lang='lat' dir='ltr'>Ecce</span> <span class='ocrx_word' id='word_1_215' title='bbox 791 4249 952 4324; x_wconf 89' lang='lat' dir='ltr'>patet</span> <span class='ocrx_word' id='word_1_216' title='bbox 992 4245 1244 4325; x_wconf 86' lang='lat' dir='ltr'>cuique,</span> <span class='ocrx_word' id='word_1_217' title='bbox 1288 4239 1447 4324; x_wconf 86' lang='lat' dir='ltr'>quod</span> <span class='ocrx_word' id='word_1_218' title='bbox 1491 4257 1765 4304; x_wconf 87' lang='lat' dir='ltr'>nummus</span> <span class='ocrx_word' id='word_1_219' title='bbox 1810 4244 2017 4318; x_wconf 78' lang='lat' dir='ltr'>regnat</span> <span class='ocrx_word' id='word_1_220' title='bbox 2056 4238 2294 4318; x_wconf 88' lang='lat' dir='ltr'>ubique.</span> 
     </span>
    </p>
   </div>
   <div class='ocr_carea' id='block_1_11' title="bbox 3127 3698 3136 4458">
    <p class='ocr_par' dir='ltr' id='par_1_18' title="bbox 3127 3698 3136 4458">
     <span class='ocr_line' id='line_1_35' title="bbox 3127 3698 3136 4458; baseline 0 0"><span class='ocrx_word' id='word_1_221' title='bbox 3127 3698 3136 4458; x_wconf 95' lang='lat' dir='ltr'> </span> 
     </span>
    </p>
   </div>
   <div class='ocr_carea' id='block_1_12' title="bbox 3107 4345 3128 4530">
    <p class='ocr_par' dir='ltr' id='par_1_19' title="bbox 3107 4345 3128 4530">
     <span class='ocr_line' id='line_1_36' title="bbox 3107 4345 3128 4530; textangle 90"><span class='ocrx_word' id='word_1_222' title='bbox 3107 4483 3126 4530; x_wconf 55' lang='grc' dir='ltr'>-ιη</span> <span class='ocrx_word' id='word_1_223' title='bbox 3127 4345 3128 4352; x_wconf 31' lang='grc' dir='ltr'><em>ᾼ</em></span> 
     </span>
    </p>
   </div>
  </div>
 </body>
</html>
