3155 4946
1429 323 1547 389 177

1421 551 1540 625 98.

1337 683 1355 731 (
1368 679 1440 725 rol.
1466 680 1519 724 5⁶
1544 681 1617 731 b.)

870 762 917 812 1.
2052 760 2101 814 3.

319 851 524 934 Οιυιτ,
567 861 777 941 hyems
796 907 833 935 ,.
857 867 959 925 tua
1001 860 1282 936 durities,
1503 853 1683 928 Nune
1727 883 1895 927 amor
1936 881 2153 929 aureus
2199 863 2478 928 advenies
2494 910 2510 937 ,

317 963 504 1043 frigor
546 962 717 1036 abiit;
763 963 924 1042 rigor
966 969 1030 1026 et
1070 963 1291 1044 glacies
1502 966 1827 1029 indomitos
1865 966 1971 1030 tibi
2013 966 2326 1046 subjicies3

316 1064 599 1128 brumalis
642 1069 738 1126 e'st
779 1062 983 1128 feritas
998 1066 1029 1139 ,'
1060 1065 1312 1140 ‘rabies',
1501 1067 1684 1131 tendo
1727 1086 1970 1142 manus;
2032 1068 2177 1129 mihi
2220 1065 2364 1147 quid
2406 1065 2634 1129 facies?

318 1172 523 1247 torpor
565 1172 628 1229 et
667 1165 934 1247 improba
975 1168 1260 1246 segnities
1273 1214 1290 1242 ,
1503 1169 1698 1246 Quam
1739 1169 1991 1234 dederas
2033 1188 2180 1251 rogo
2225 1168 2509 1232 concilies
2532 1213 2549 1241 ,
2611 1158 2617 1165 ’

315 1267 506 1347 pallor
547 1274 612 1331 et
650 1270 766 1342 ira,
811 1267 980 1331 dolor
1023 1275 1086 1332 et
1126 1274 1367 1336 macies.
1503 1277 1567 1335 et
1610 1270 1843 1336 dabitur
1884 1271 2104 1339 saliens
2148 1272 2321 1333 aries.

863 1394 911 1445 2.
2045 1386 2080 1438 ⁴

312 1464 494 1539 Veris
538 1474 710 1538 adest
752 1476 994 1557 elegans
1039 1479 1199 1540 acies
1501 1459 1793 1539 ‘Pulchra’
1835 1473 2041 1538 mundi
2081 1474 2427 1555 superficies
2641 1504 2644 1505 ⁷

316 1577 474 1641 clara
515 1579 668 1639 nitet
710 1578 841 1639 sine
882 1577 1042 1639 nube
1084 1576 1212 1639 dies
1499 1576 1672 1640 viridi
1717 1577 1983 1656 gramine
2028 1574 2312 1650 ‘redolet’,
2371 1575 2633 1640 induitur
2713 1636 2717 1638 ,

318 1685 495 1742 noete
540 1681 762 1741 micant
801 1677 1071 1742 Pliadum
1111 1677 1322 1753 faeies3
1909 1676 2066 1739 foliis
2109 1675 2331 1750 ‘abies’,

316 1787 481 1862 grata
524 1780 699 1845 datur
736 1779 916 1844 modo
957 1782 1281 1862 temperies
1297 1827 1313 1853 ‚
1498 1783 1660 1860 pieta
1703 1782 1862 1843 canit
1903 1779 2246 1843 ‘voluerum’
2290 1780 2479 1842 series
2494 1825 2511 1852 ,

316 1884 602 1962 temporis
645 1884 868 1962 optima
912 1881 1207 1945 mollities.
1499 1887 1668 1961 prata
1712 1882 1937 1944 ‘virent'
1981 1883 2263 1945 iuvenum
2305 1883 2561 1961 requies.

1248 2273 1252 2277 ἢ
1378 2192 1480 2264 98
1516 2215 1576 2267 a.

1323 2319 1426 2380 (τρι.
1453 2321 1505 2365 ⁵0
1530 2321 1604 2370 ι.)

617 2432 748 2507 Der
789 2442 1025 2506 starehe
1071 2442 1298 2506 winder
1338 2443 1440 2506 hat
1482 2460 1596 2507 uns
1638 2443 1838 2507 verlan
1855 2491 1869 2515 ‚

617 2545 720 2608 diu
763 2546 1050 2626 sumereit
1090 2548 1170 2606 ist
1212 2546 1435 2607 echone
1479 2553 1674 2625 getan.

617 2644 777 2707 Walt
818 2656 899 2707 un
945 2644 1124 2728 heide
1168 2645 1261 2707 sih
1302 2646 1365 2708 ih
1407 2664 1488 2708 nu
1533 2664 1638 2718 an,

620 2741 718 2825 lop
763 2746 923 2809 unde
964 2742 1204 2810 hlflmen
1248 2746 1381 2811 ehle
1425 2749 1539 2812 wel
1584 2755 1786 2829 getan,

615 2844 805 2909 davon
848 2864 983 2928 mag
1025 2867 1140 2911 uns
1184 2845 1356 2914 frede
1399 2853 1656 2914 nimmer
1705 2868 1836 2912 mer
1877 2858 2114 2928 z'ergan.

1396 3209 1535 3284 99„
1624 3210 1628 3215 ’

1337 3339 1428 3389 (σοι.
1454 3340 1508 3383 ss
1526 3341 1588 3386 s.)
1880 3406 1884 3410 ,

844 3437 887 3484 1.
1369 3479 1373 3483 .
2015 3434 2075 3487 ’2.

304 3526 486 3597 Onna
530 3536 624 3597 sol
662 3542 953 3616 temperat
1488 3527 1721 3600 Rerum
1765 3542 1924 3599 tanta
1967 3539 2197 3599 novitas

301 3656 487 3718 purus
531 3643 594 3700 et
635 3638 866 3700 subtilis
881 3684 897 3710 ,
1485 3640 1549 3702 in
1592 3638 1843 3701 solemni
1887 3654 2028 3701 vere

300 3757 451 3804 nova
494 3735 716 3801 mundo
759 3747 987 3801 reserat
1481 3746 1548 3803 et
1577 3742 1747 3815 seris
1791 3739 2109 3801 auctoritas

300 3846 484 3907 facies
530 3844 729 3923 aprilis
745 3889 761 3916 ,
1483 3842 1650 3904 iubet
1691 3857 1802 3902 nos
1844 3837 2106 3918 gaudere
2121 3884 2138 3911 ,

299 3943 375 4007 ad
418 3961 682 4006 amorem
723 3950 1002 4025 properat
1482 3945 1608 4005 vias
1650 3940 1863 4024 prebet
1904 3940 2111 4003 solitas
2126 3985 2142 4011 ‚

300 4047 533 4107 animus
575 4033 810 4118 herilis,
1483 4050 1546 4104 et
1586 4044 1649 4103 in
1694 4048 1798 4104 tuo
1840 4059 1983 4106 vere

300 4151 364 4206 et
403 4143 675 4207 iocundis
718 4146 969 4224 imperat
1479 4141 1630 4204 fides
1672 4149 1768 4204 est
1809 4148 1874 4204 et
1912 4140 2173 4222 probitas

299 4244 449 4309 deus
491 4244 756 4325 puerilis.
1470 4247 1650 4306 'tuum
1695 4244 1970 4304 retinere.

403 4358 735 4410 codam
2124 4351 2194 4402 ¹²
