3155 4946
1410 356 1532 420 203

1420 564 1576 636 129.

1360 681 1468 732 (roi.
1491 683 1543 725 ετ
1563 683 1627 729 ιι.)

863 769 911 817 ί.
2039 765 2087 815 ’4.

321 838 566 910 Laboris
610 850 970 922 remedium.
1494 840 1619 911 lam
1663 855 1792 931 etas
1833 850 2113 919 invaluit,

320 948 640 1010 ‘exulantis'
685 951 962 1031 gaudium
1493 955 1613 1014 iam
1655 968 1822 1012 amor
1863 950 2105 1011 incaluit
2120 996 2136 1020 ‚

318 1051 545 1128 mitigat
586 1051 823 1114 exilium
1491 1056 1612 1115 iam
1652 1053 1817 1130 virgo
1860 1054 2142 1113 maturuit
2159 1098 2173 1119 ‚

319 1154 555 1230 virginis
598 1158 915 1226 memoria;
1492 1157 1611 1215 iam
1652 1158 1994 1215 tumescunt
2032 1152 2214 1217 ubera
2228 1196 2245 1223 ,

317 1254 558 1315 unicum
602 1254 876 1316 solatium
1491 1258 1609 1317 iam
1651 1254 1866 1316 frustra
1910 1254 2294 1333 complacuit,

316 1355 442 1413 eius
487 1354 627 1414 mihi
673 1357 877 1433 gratia.
1492 1357 1608 1416 nisi
1650 1355 1791 1418 fiant
1832 1362 2050 1417 cetera.

849 1469 901 1523 2.
2028 1478 2074 1526 5.

310 1546 410 1616 Nil
454 1574 793 1636 proponens
838 1564 1065 1620 temere
1487 1548 1650 1636 Ergo
1693 1559 1908 1618 iunctis
1927 1619 1932 1623 ,
1950 1557 2244 1619 mentibus

311 1656 623 1733 diligebam
663 1663 871 1719 tenere
1489 1650 1801 1736 iungamur
1843 1658 2151 1737 operihuS,

311 1774 486 1835 quam
531 1758 791 1821 sciebam
834 1758 1052 1835 degere
1487 1751 1741 1820 mellitis'
1773 1759 2133 1839 amplexibus

309 1858 417 1919 sub
463 1865 623 1942 etate
666 1865 871 1919 tenera
887 1905 903 1930 ‚
1486 1859 1750 1920 fruamur
1791 1877 1928 1920 eum
1972 1858 2214 1938 gaudio,

307 1959 387 2019 nil
431 1959 656 2021 audens
703 1962 942 2047 exigere
1487 1958 1600 2020 flos
1642 1976 1752 2043 pre
1797 1962 2025 2022 eunetis
2069 1959 2311 2023 floribus
2327 2008 2344 2033 ‚

303 2063 507 2141 preter
548 2062 764 2122 mentis
806 2060 1028 2144 federa.
1488 2059 1888 2121 collaudemur
1929 2062 2105 2121 serio.

850 2177 898 2229 3.
2019 2176 2069 2228 fl.

301 2250 371 2321 In
415 2261 719 2323 absentem
763 2263 943 2325 ardeo
958 2313 973 2336 ,
1484 2252 1681 2339 Quam
1721 2262 1917 2324 ‘dulce
1935 2309 1952 2335 ,
1996 2262 2209 2325 favum’
2252 2282 2523 2343 premere
2537 2310 2553 2332 ,

306 2364 509 2425 Venus
554 2368 712 2427 enim
756 2384 935 2428 aureo
1482 2367 1601 2427 mel
1645 2365 1720 2427 de
1762 2364 1895 2426 favo
1938 2368 2186 2443 sugere!
2628 2350 2632 2354 ’

279 2466 490 2527 ‘nectit
531 2466 725 2529 cordis
770 2468 981 2549 laqueo
1481 2466 1637 2541 Quid
1678 2467 1793 2528 hoe
1836 2467 1942 2538 sit,
1988 2469 2290 2545 exponere

303 2571 568 2645 corporis
612 2570 917 2642 distantia,
1255 2616 1257 2620 «
1479 2570 1583 2631 tibi
1626 2572 1789 2647 virgo
1834 2570 2026 2647 cupio.

301 2684 543 2749 merens
584 2674 782 2729 tamen
827 2670 1054 2747 gaudeo
1476 2670 1610 2731 Non
1652 2670 1831 2730 verbo
1874 2669 1982 2730 sed
2023 2687 2205 2748 opere

300 2767 559 2826 absentis
603 2772 921 2851 presentia.
1475 2774 1575 2834 flat
1618 2772 1958 2849 expositio.-

1322 3037 1462 3108 129
1517 3061 1577 3112 a.

912 3167 1084 3239 Swaz
1129 3179 1226 3240 hie
1269 3186 1368 3257 gat
1407 3180 1617 3247 umbe,

909 3276 1017 3338 daz
1062 3280 1181 3341 sint
1222 3279 1361 3357 alle²
1404 3280 1652 3359 megede
1675 3326 1690 3346 ‚

908 3380 1006 3441 die
1049 3379 1288 3441 wellent
1329 3396 1403 3441 an
1447 3399 1582 3442 man
1651 3447 1658 3452 ,

907 3479 1059 3541 ‘alle’
1103 3480 1273 3541 disen
1318 3497 1519 3542 eumer
1561 3499 1691 3560 gan.

1368 3751 1529 3845 1304

1302 3890 1406 3941 (τοι.
1435 3890 1486 3935 ⁶⁷
1504 3890 1576 3941 ιι.)

278 4036 463 4111 Anno
508 4052 700 4115 novali
742 3972 881 4118 Mea
1458 4057 1726 4137 inplicat,
1758 4077 1934 4138 quam
1964 4063 2185 4142 replico
2217 4071 2278 4125 et
2304 4066 2576 4146 precino:

278 4168 490 4230 sospes
536 4155 613 4213 sit
655 4160 718 4215 et
759 4157 1045 4235 gaudeat,
1457 4160 1757 4238 pulchrior
1798 4169 1859 4223 et
1901 4167 2090 4243 aptior

276 4252 560 4320 arrideat,
608 4258 702 4316 eui
746 4257 864 4340 hee
907 4260 1121 4323 chorea
1455 4264 1514 4321 in
1558 4263 1780 4326 mundo
1824 4285 1944 4328 non
1987 4275 2079 4329 est
2122 4286 2208 4330 ea.
