3155 4946
530 617 643 689 Est
686 645 887 690 amore
930 542 1162 694 duleiaus

534 747 732 792 rerum
775 732 837 791 in
881 739 1087 795 natura

530 830 675 894 nihil
719 838 781 893 et
821 834 1075 896 amarius

532 933 871 996 conditione
914 932 1061 998 dura
1075 981 1093 1009 ‚

531 1033 705 1096 dolus
748 1041 811 1097 et
850 1035 1069 1100 invidia

530 1137 750 1198 amoris
793 1142 933 1200 sunt
975 1141 1253 1203 scissura.

1070 1256 1119 1308 ⁴.

530 1329 690 1403 Cum
732 1338 966 1404 fortuna
1007 1343 1194 1406 voluit

529 1458 628 1503 me
670 1446 869 1505 vivere
911 1442 1182 1518 beatum,

528 1541 751 1615 forma,
792 1541 966 1607 bonis
1009 1545 1272 1610 moribus

527 1642 671 1706 feeit
710 1643 865 1707 bene
910 1654 1141 1725 gratum
1157 1696 1175 1721 ,

529 1752 591 1806 et
633 1747 693 1806 in
737 1745 870 1808 altis
914 1746 1153 1810 sedibus

527 1844 741 1908 sedere
782 1845 1129 1911 laureatum.

527 2038 708 2110 Modo
753 2047 866 2111 flos
907 1963 1174 2135 pretezriit

531 2168 667 2234 mee
710 2152 1059 2224 iuventutis,

528 2255 591 2313 in
632 2269 699 2313 se
742 2251 919 2314 trahit
961 2256 1157 2317 omnia

527 2359 762 2432 tempus
805 2358 1132 2417 senectutis
1151 2402 1167 2430 ‚

526 2453 665 2517 inde
708 2473 842 2519 sum
884 2460 946 2520 in
988 2461 1171 2538 gratia

528 2560 848 2645 novissime
891 2560 1115 2624 salutis.

1073 3134 1098 3184 1
1108 3170 1121 3185 .

530 3209 945 3281 commanus
985 3218 1170 3281 ludite
1188 3267 1203 3291 ,

531 3318 745 3381 ehoros
789 3319 964 3381 simul
1006 3320 1238 3383 ducite!

528 3419 778 3482 Iuvenes
821 3429 961 3484 sunt
1002 3421 1181 3503 lepidi
1199 3467 1216 3493 ,

530 3537 708 3582 senes
751 3530 890 3583 sunt
932 3522 1241 3602 decrepiti.

530 3611 689 3684 Ress.
716 3611 885 3684 Audi
927 3625 1060 3685 bela
1100 3628 1247 3695 mia,

699 3722 860 3784 mille
906 3724 1116 3786 modos
1159 3723 1410 3787 Veneris

700 3827 780 3886 da
821 3826 1208 3888 hizevaleria.

1063 3941 1115 3995 2.

530 4020 849 4092 Militemus
892 4027 1111 4091 Veneri

530 4152 643 4195 nos
687 4134 786 4212 qui
828 4140 1033 4193 sumus
1077 4134 1292 4193 teneri!

1628 370 1749 438 166

2255 540 2310 596 θ.

1715 619 2092 691 Rhinoceros
2135 628 2455 706 virginibus

1715 751 1781 794 se
1826 729 1982 792 solet
2026 730 2334 802 exhibere3

1715 832 1823 896 sed
1867 835 2080 912 quibus
2124 839 2218 894 est
2258 833 2557 910 virginitas

1711 939 2060 997 intemerata
2100 953 2274 1006 vere,

1674 1062 1679 1065 ·
1713 1054 1822 1099 suo
1865 1041 2065 1117 potest
2110 1036 2334 1114 gremio

1711 1140 1870 1202 hune
1913 1138 2041 1199 sola
2081 1139 2358 1200 retinere.

1709 1331 1896 1421 Igitur
1938 1358 2058 1425 que
2102 1256 2303 1416 iuveni·

1709 1445 1876 1522 virgo
1919 1445 2182 1505 sociatur
2196 1488 2212 1515 ,

1664 1574 1670 1581 ·
1711 1549 1772 1607 et
1813 1560 1912 1605 me
1954 1559 2164 1605 senem
2205 1544 2495 1624 spreverit

1706 1650 1836 1709 iure
1880 1643 2289 1717 defraudatur,

1709 1753 1777 1810 ut
1817 1748 1888 1809 ab
1929 1746 2040 1808 hae
2083 1746 2428 1808 rhinoceros

1709 1868 1775 1911 se
1822 1850 1952 1930 oapi
1993 1849 2265 1929 patiatur.

2251 1966 2303 2019 8.

1708 2044 1779 2117 In
1819 2056 2028 2116 tritura
2071 2054 2364 2133 virginum

1710 2156 1960 2220 debetur
2001 2156 2221 2218 seniori

1706 2276 1818 2338 pro
1865 2254 2141 2319 mercede
2185 2256 2383 2336 palea,

1708 2361 2070 2422 frumentum
2109 2361 2343 2421 iuniori.

1704 2463 1849 2525 Inde
1894 2481 2074 2526 senex
2118 2481 2315 2524 aream

1705 2566 1977 2645 relinquo
2019 2566 2371 2628 successori.

1623 2917 1741 2993 79.

1554 3056 1661 3110 (fol.
1688 3055 1832 3106 4912.)

1707 3221 1959 3284 Veneris
2005 3220 2257 3282 tentoria

1709 3341 1805 3386 res
1852 3328 1944 3384 est
1985 3322 2284 3383 amatoria.

1878 3420 2072 3485 Audi
2113 3421 2265 3483 bola.

2252 3602 2301 3655 3.

1705 3717 1959 3788 Iuvenes
2002 3722 2280 3785 amabiles

1704 3829 1828 3906 igni
1873 3822 2325 3904 comparabiles,

1707 3945 1885 3990 senes
1931 3932 2069 3986 sunt
2110 3924 2451 3991 horribiles,

1708 4030 1911 4106 frigori
1955 4025 2311 4087 consimiles,

1878 4128 2073 4189 Audi
2118 4128 2271 4187 bela.
