3155 4946
1427 335 1558 404 191.

1410 510 1570 585 116.

1354 622 1372 668 t
1385 620 1461 666 tol.
1486 625 1534 667 si
1557 624 1641 675 b.)

879 697 901 746 1

339 771 550 841 vas
592 784 799 843 transit
840 781 1097 862 gelidum
1110 825 1134 863 ,Ι

338 881 590 943 mundus
634 890 978 954 renovatur,

337 1000 558 1062 verque
603 983 758 1047 redit
799 984 1074 1046 floridum
1093 1031 1108 1057 ‚

335 1082 524 1145 forma
566 1084 742 1146 rebus
787 1084 986 1155 datur,

336 1186 459 1252 avis
502 1185 866 1259 modulatur,

335 1286 646 1348 modulans
688 1286 908 1372 letatur
922 1334 939 1360 ‚

335 1389 585 1452 lucidior

336 1497 398 1551 et
439 1490 632 1553 lenior

335 1608 440 1654 aer
479 1593 598 1652 iam
641 1600 980 1681 serenatur,

334 1693 454 1752 iam
497 1690 712 1764 florea,

332 1794 451 1854 iam
492 1792 740 1856 frondea

333 1895 482 1958 silva
517 1895 725 1961 ‘coma'
767 1895 1064 1961 densatur.
1110 1938 1111 1941 κ

871 2151 918 2204 2.

338 2291 579 2364 Ludunt
626 2321 807 2384 super
849 2308 1110 2385 gramina
1123 2353 1139 2378 ‚

340 2406 593 2486 virgines
637 2405 859 2491 decore
873 2453 890 2481 ,

339 2524 590 2585 quorum
632 2527 783 2571 nova
826 2512 1086 2573 carmina

338 2608 495 2671 dulci
538 2615 750 2672 sonant
791 2628 915 2672 ore.

335 2709 618 2773 Annuunt
658 2711 859 2774 favore

335 2811 609 2873 volucres
651 2828 897 2897 canore,

337 2912 529 2974 ‘favet’
573 2920 636 2974 et
677 2913 861 2976 odore

334 3013 512 3074 tellus
556 3015 714 3092 picta
757 3012 905 3076 flore
921 3061 938 3088 ‚

336 3118 648 3195 corrigitur

334 3224 397 3278 et
438 3216 727 3297 ‘cingitur’

333 3618 733 3696 strepentibus
776 3637 1011 3681 sonore.

1512 772 1732 845 Tendit
1773 784 1950 846 modo
1995 699 2142 846 retia

1512 902 1663 964 puer
1704 884 2072 963 pharetratus
2087 930 2103 957 ‚

1511 987 1645 1049 ‘cui’
1689 988 1935 1050 deorum
1978 988 2139 1049 curia

1512 1090 1728 1172 prebet
1768 1089 2084 1152 famulatus
2097 1134 2113 1161 ‚

1513 1195 1682 1254 cuius
1728 1193 2060 1255 dominatus

1510 1295 1758 1355 nimium
1799 1298 1895 1355 est
1932 1291 2086 1355 latus
2105 1337 2121 1364 ‚

1511 1415 1624 1476 per
1662 1396 1820 1459 hunc
1861 1396 2252 1475 triumphatus

1512 1515 1649 1560 sum
1690 1503 1754 1560 et
1795 1498 2108 1560 sauciatus.

1512 1599 1916 1681 Pugnaveram
1932 1645 1949 1672 ‚

1513 1708 1576 1763 et
1617 1700 1847 1764 fueram

1510 1802 1781 1883 inprimis
1823 1801 2144 1864 reluctatus
2159 1848 2175 1873 ‚

1511 1909 1575 1964 et
1613 1905 1832 1965 iterum

1511 2021 1622 2083 per
1663 2020 1914 2083 puerum

1512 2122 1647 2166 sum
1687 2103 1908 2165 Veneri
1949 2109 2297 2183 prostratus.

2053 2222 2103 2273 ⁴.

1501 2297 1708 2370 'Unam
1749 2286 1947 2369 huius'
1967 2308 2212 2371 vulnere

1515 2411 1753 2472 saucius
1796 2410 1985 2470 amavi
2001 2454 2018 2482 ,

1442 2547 1443 2550 =
1516 2528 1694 2590 quam
1736 2509 1846 2572 sub
1888 2509 2056 2571 firmo
2100 2509 2304 2593 tedere

1515 2612 1659 2674 mihi
1700 2610 1986 2692 copulavi.

1513 2714 1722 2776 Fidem
1763 2714 2061 2775 coniuravi
2076 2757 2093 2783 ‚

1513 2815 1694 2877 fldem
1733 2814 1971 2885 violavi,

1514 2918 1604 2978 rei
1645 2922 1768 2977 tam
1809 2918 1973 2976 suavi

1502 3024 1704 3092 ⁴totum
1742 3034 1840 3078 me
1883 3016 2087 3078 dicavi.

1512 3118 1705 3192 Quam
1747 3117 1944 3179 dulcia

1509 3219 1664 3280 ‘sint’
1704 3220 1867 3281 basia

1508 3320 1735 3404 puelle,
1778 3322 1897 3382 iam
1939 3324 2182 3400 gustavi.

1510 3420 1638 3483 Nec
1682 3423 1976 3482 cinamum

1512 3529 1575 3584 et
1616 3521 1944 3585 balsamum

1512 3630 1677 3686 esset
1716 3628 1838 3684 tam
1880 3620 2054 3683 dulce
2097 3620 2229 3683 favi.

1349 3816 1491 3891 116
1544 3844 1607 3895 a.

846 3947 1062 4020 Vrowe
1105 3959 1165 4019 ih
1210 3959 1314 4037 pin
1355 3958 1445 4020 dir
1485 3957 1803 4031 undarum,

841 4058 948 4122 des
991 4060 1049 4123 la
1092 4060 1213 4122 mih
1259 4061 1576 4139 geniezen;
1783 4067 1787 4071 *

837 4160 899 4220 ih
942 4160 1117 4226 dieue
1167 4160 1259 4222 dir
1301 4177 1370 4220 so
1413 4160 1475 4221 ih
1515 4162 1686 4243 liestc
1734 4161 1883 4222 chan
1906 4207 1922 4232 ,

843 4257 950 4320 des
993 4261 1090 4323 wil
1132 4261 1234 4321 dih
1284 4260 1649 4323 verdriezen.
