3155 4946
1526 262 1744 353 ’36

1686 455 1738 508 4.

959 528 1240 604 Attestor
1257 587 1274 614 ,
1320 548 1627 605 contestor

960 664 1070 726 per
1110 642 1473 716 timendum,
1518 663 1628 725 per
1669 645 2047 709 tremendum

962 747 1120 809 diem
1163 747 1392 817 iudicii,
1438 751 1630 832 eterni
1668 749 1935 829 suplicii,

959 847 1117 910 diem
1157 850 1424 933 miserie,
1469 852 1750 929 perennis
1791 850 2055 936 tristitie,

959 953 1063 1032 qui
1105 949 1390 1014 ducturus
1433 957 1528 1014 est
1569 969 1678 1014 vos
1719 953 1780 1013 in
1822 953 2115 1016 infernum
2136 1000 2153 1027 ,

959 1053 1286 1116 salvaturus
1329 1059 1420 1116 est
1467 1071 1577 1115 nos
1621 1054 1682 1115 in
1726 1059 2018 1138 eternum.

1672 1172 1726 1226 5.

955 1248 1078 1320 Per
1117 1276 1338 1320 nomeu
1378 1258 1644 1328 mirabile
1686 1265 1865 1340 atque
1906 1259 2200 1324 ineffabile

950 1361 1063 1423 Dei
1104 1342 1618 1440 tetragrammaton
1632 1406 1650 1433 ,

951 1468 1019 1524 ut
1061 1463 1390 1542 expaveatis
1433 1469 1495 1525 et
1529 1461 1962 1542 perhorreatis3

952 1582 1060 1627 vos
1106 1568 1410 1637 exorcizo,
1453 1562 1675 1649 Larve,
1717 1564 1934 1635 Fauni,
1976 1565 2223 1641 Manes,

950 1666 1255 1751 Nymphe,
1314 1667 1558 1751 Sirene.
1604 1665 2078 1739 ‘Hamadriades'‚

949 1769 1162 1848 Satyri,
1205 1767 1434 1841 incubi,
1476 1769 1759 1842 Penates,
2203 1780 2211 1787 “

950 1877 1017 1932 ut
1057 1871 1174 1932 cito
1219 1872 1472 1944 abeatis,
1517 1870 1698 1934 cbaos
1738 1871 2040 1947 incolatis,

953 1988 1030 2033 ne
1074 1990 1177 2035 vas
1220 1975 1609 2053 corrumpatis
1651 1974 2103 2038 christianitatis.

1674 2092 1726 2147 fl.

947 2166 1038 2239 Tu
1081 2195 1192 2240 uos
1210 2222 1227 2250 ‚
1267 2177 1458 2251 Deus,
1504 2196 1858 2242 conservare
1902 2180 1972 2243 ab
2016 2181 2285 2244 hostibus
2328 2178 2603 2261 digneris.

1674 2296 1722 2348 7.

946 2368 1174 2443 Amara
1218 2385 1373 2443 tauta
1417 2384 1524 2462 tyri
1568 2388 1771 2463 pastos
1816 2381 2047 2462 sycalos
2091 2383 2324 2463 sycaligi

951 2483 1205 2547 cellivoli
1247 2502 1477 2547 scarras
1520 2485 1683 2565 polili
1722 2485 2031 2567 posyiique
2072 2468 2348 2567 lyvaffas.

1554 2827 1794 2931 Lm.
1911 2877 1918 2883 ·

1559 3009 1666 3062 (ποι.
1691 3009 1821 3064 sss.)

1452 3124 1529 3178 Dc
1560 3123 1924 3177 sacerdotibus.

535 3307 592 3380 0
636 3334 815 3398 quam
856 3315 1025 3379 tortis
1067 3229 1356 3379 armatura
1377 3359 1397 3388 ,
1597 3315 1610 3326 '
1709 3313 1806 3376 vel
1847 3312 2037 3375 sltsris
2079 3317 2477 3391 mercatores,

533 3438 649 3503 qus
691 3420 935 3483 vestitur
974 3423 1170 3480 vestra
1211 3434 1351 3481 curs
1370 3462 1390 3491 ,
1709 3416 1872 3478 iures
1915 3415 2091 3488 estis,
2134 3432 2256 3478 nou
2300 3421 2587 3495 pastores.

531 3520 670 3593 scd,
713 3522 767 3582 si
809 3520 962 3582 forte
1006 3526 1215 3582 contra
1254 3521 1380 3583 iura

531 3622 791 3695 faciatis,
836 3623 1085 3685 ruitura!
2242 3578 2299 3638 ²·

529 3726 681 3790 Nota
725 3725 894 3787 vobis
939 3731 1033 3786 est
1075 3724 1400 3804 scriptura:
1707 3714 1799 3786 Tu
1842 3718 2123 3787 sacerdos
2163 3718 2280 3782 bue
2322 3719 2621 3802 responde

531 3845 672 3890 cum
716 3843 824 3890 vos
867 3825 1034 3888 tertis
1077 3825 1207 3888 Deo
1250 3825 1420 3888 thura
1708 3827 1878 3889 cuius
1923 3839 2131 3885 manus
2173 3827 2313 3884 suut
2350 3821 2687 3909 immunde,

531 3931 584 3994 si
624 3947 796 3992 meus
838 3934 1034 3991 vestra
1073 3944 1195 3989 uon
1237 3928 1314 3990 sit
1353 3944 1528 4008 pura,
1707 3928 1807 4008 qui
1850 3926 2194 4006 frequenter
2234 3931 2298 3985 et
2336 3924 2590 3987 iocunde

530 4049 651 4095 uon
694 4037 833 4094 sunt
871 4029 956 4091 illi
995 4029 1296 4110 placitura·
1709 4046 1845 4092 cum
1889 4045 2073 4090 uxore
2118 4024 2340 4089 dormis
2355 4073 2373 4104 ,
2415 4025 2575 4096 unde

530 4134 823 4199 castitatis
865 4137 1307 4211 contemptores
1708 4147 1958 4211 surgens
2002 4146 2175 4192 mane
2218 4129 2463 4191 missam
2504 4126 2650 4192 dicis
2666 4172 2686 4201 ‚

530 4237 586 4302 si
626 4252 736 4300 vos
776 4235 920 4298 estis
962 4240 1168 4296 contra
1206 4250 1440 4306 mores,
1708 4249 1929 4314 corpus
1970 4228 2087 4314 Xpi
2127 4228 2462 4305 benedicis,
