3155 4946
1391 359 1470 425 13

271 538 374 616 qui
416 535 510 596 lac
557 540 619 594 et
659 533 855 595 lanam
901 533 1064 612 eligis

270 639 468 717 gregis
511 638 610 698 cui
654 636 953 700 constituit

274 747 336 800 te
383 737 727 821 pastorem?

1453 536 1518 592 ut
1559 537 1877 611 raptorem.

1451 632 1763 694 Districtus
1807 631 1982 694 iudex
2026 632 2250 706 aderit,

1454 753 1571 796 non
1618 735 1916 796 sustinens
1960 733 2296 797 considerat

273 842 399 903 Sed
444 859 585 906 cave
608 887 626 913 ‚
670 858 749 902 ne
792 838 932 901 dum
978 840 1232 910 venerit,
1453 843 1849 916 peccatorem.

272 952 332 1006 te
376 944 646 1006 districte
693 942 858 1004 Deus
899 947 1171 1004 conterat

1330 1140 1494 1213 xvl.

1302 1267 1415 1318 (t’ol.
1441 1268 1466 1310 8
1484 1267 1560 1317 b.)

813 1360 856 1411 1.
1990 1355 2038 1408 4.

268 1432 329 1503 11«
372 1461 617 1504 cunzonis
660 1461 794 1506 area

264 1544 453 1610 vellus
495 1552 620 1608 aret
663 1553 962 1609 extentum
981 1593 997 1617 ‚

265 1652 330 1708 et
373 1646 689 1711 demolitur
733 1652 891 1712 tinea

264 1747 464 1827 regale
508 1751 952 1833 vestimentpm,

268 1848 704 1928 superabundat
744 1834 948 1931 ‘palea'

267 1966 388 2036 que
430 1950 652 2031 sepelit
690 1950 1079 2023 trumentum,

266 2058 328 2114 et
370 2050 637 2131 loquitur
676 2052 1002 2114 iumentum
1019 2097 1037 2124 ,

266 2170 380 2215 nec
423 2153 575 2215 redit
616 2152 730 2215 bos
773 2151 845 2214 ad
889 2151 1132 2224 horrea,

267 2252 376 2316 sed
417 2256 686 2335 sequitur
727 2259 1091 2332 carpentum.

799 2373 848 2424 2.

260 2447 396 2520 Exit
437 2476 640 2522 rumor
681 2458 1063 2530 discriminis>

259 2558 338 2621 de
379 2554 593 2637 g'randi
630 2561 851 2622 montis
894 2559 1073 2632 cella,

261 2679 384 2746 que
425 2668 548 2723 tam
588 2667 794 2746 sancte
837 2660 1162 2723 dulcedinis

258 2763 377 2826 late
417 2761 705 2828 fundebat
746 2765 955 2836 mella,

260 2871 738 2944 praeposteretur
780 2864 1004 2927 ordinis

261 2961 542 3046 plantatio
584 2966 854 3040 novella,

259 3065 407 3129 dum
448 3075 647 3132 movet
686 3069 749 3130 in
791 3067 1085 3143 see-bella,
1162 3095 1167 3104 «

257 3170 439 3231 bases
478 3168 540 3231 in
585 3186 821 3230 summo
866 3168 1137 3233 culminis

258 3288 525 3352 ponens,
567 3290 690 3336 non
734 3261 1030 3355 capitella.‘

800 3386 851 3439 3.

257 3466 483 3539 Clausa
524 3473 822 3554 quondam
867 3475 1070 3554 religio

252 3577 357 3640 vel
399 3576 586 3636 otium
626 3580 923 3636 secretum

255 3694 422 3739 nunc
466 3675 732 3737 subiacet
773 3674 1084 3753 obprobrio

257 3796 371 3860 per
413 3775 625 3855 vulgus
663 3775 1080 3849 indiscretum,

258 3878 429 3960 quod
471 3880 571 3940 tali
610 3880 901 3955 tyrocinio

258 3999 382 4043 non
430 3987 555 4041 erat
599 3986 896 4041 assuetum
916 4023 934 4052 ,

257 4100 380 4144 nec
425 4081 726 4143 confirmat
768 4079 1070 4143 decretum
1088 4126 1105 4152 ‚

259 4202 382 4245 non
428 4183 576 4263 legis
617 4186 950 4263 patrocinio

262 4303 379 4347 nec
421 4285 604 4348 literis
648 4291 743 4347 est
783 4284 1014 4347 fretum.

1453 1432 1632 1520 Quod
1674 1448 1942 1504 sanctum
1985 1439 2399 1511 sacerdotium,

1454 1544 1616 1626 quod
1657 1545 1858 1607 unctio
1902 1544 2112 1621 regalis

1453 1667 1521 1710 se
1567 1653 1773 1710 curvet
1814 1646 1890 1707 ad
1929 1647 2237 1726 imperium

1451 1756 1513 1810 et
1554 1765 1766 1812 vocem
1806 1747 2152 1826 subiugalis,

1452 1850 1710 1913 divinum
1753 1857 1845 1930 est
1887 1852 2237 1928 mysterium

1449 1971 1523 2015 an
1566 1952 1731 2014 furor
1771 1952 1990 2015 laicalis
2008 1950 2041 2013 ἲ

1398 2098 1405 2105 -
1446 2054 1611 2116 favor
1651 2056 1850 2117 tamen
1890 2053 2144 2123 venalis,

1446 2157 1545 2235 qui
1590 2156 1709 2217 no'n
1753 2158 1927 2217 intrat
1964 2173 2074 2235 per
2114 2155 2359 2224 ostium,

1445 2257 1605 2320 fovet
1646 2274 1754 2320 eos
1798 2258 1906 2318 sub
1951 2256 2075 2318 alis.

1983 2371 2035 2425 5.

1446 2451 1542 2546 Vc
1585 2479 1693 2546 ve,
1738 2461 1839 2540 qui
1879 2461 2034 2541 regis
2076 2458 2252 2522 filiam

1446 2562 1552 2626 das
1594 2565 1658 2625 in
1701 2579 1938 2625 manum
1982 2562 2247 2638 lenonis,

1443 2681 1518 2748 ve
1535 2709 1554 2736 ,
1599 2663 1699 2742 qui
1740 2663 2013 2743 profanas
2055 2662 2300 2743 gloriam

1442 2771 1608 2848 tante
1653 2762 2008 2835 devotionis,

1445 2866 1545 2944 qui
1591 2863 1815 2925 cellam·
1844 2864 2284 2943 pigmentariam

1443 2973 1505 3027 et
1547 2982 1702 3046 opus
1745 2964 2077 3026 Salomonis

1441 3065 1649 3129 fraude
1692 3066 1853 3145 rapis
1895 3062 2212 3149 predonis,

1442 3169 1495 3229 si
1538 3167 1760 3229 certius
1801 3167 2076 3248 inspicias

1442 3268 1528 3331 ad>
1558 3286 1692 3331 rem
1735 3267 2101 3332 conditionis.

1973 3384 2024 3437 θ.

1443 3463 1572 3534 Sub
1613 3470 1774 3533 brevi
1816 3471 2028 3532 doctus
2071 3477 2340 3551 tempore

1443 3575 1660 3639 stultus
1704 3572 1844 3635 dum
1887 3575 2258 3654 incappatur,

1443 3675 1626 3758 pleno
1667 3673 1978 3756 prophetat
2019 3679 2263 3752 pectore
2277 3719 2295 3746 ,

1443 3785 1683 3841 ructans
1726 3780 2168 3856 interpretatur,

1440 3888 1501 3942 et
1542 3878 1798 3959 disputat
1839 3896 1976 3940 cum
2017 3879 2286 3950 rhetore,

1441 3984 1541 4061 qui
1582 3986 1741 4042 tacet
1783 3988 1844 4042 et
1885 3981 2154 4052 miratur,
2235 4021 2238 4024 ι

1441 4081 1604 4161 quod
1647 4082 1730 4143 vir
1771 4082 1962 4143 iustus
2004 4081 2271 4152 tollatur,

1439 4188 1501 4244 et
1543 4189 1882 4262 assumptus
1925 4181 2000 4242 de
2044 4189 2306 4245 stercore

1439 4285 1763 4346 sententias
1805 4284 2094 4363 loquatur.
