3155 4946
1373 316 1501 387 249

297 489 517 552 Oratio.
539 492 581 534 ¹*

393 582 708 655 ornemus,
774 593 935 655 Deus
981 596 1081 674 qui
1126 613 1237 657 nos
1283 594 1562 656 concedis
1605 596 1781 656 trium
1808 593 2128 657 Deciorum
2162 594 2448 656 maleficia
2480 611 2579 654 co-

464 698 621 759 lere.
668 695 742 758 da
784 699 952 759 nobis
995 700 1056 759 in
1105 703 1311 782 eterna
1362 699 1600 759 tristitia
1653 697 1727 759 de
1787 717 1994 761 eorum
2035 700 2317 760 societate
2358 698 2580 775 lugere.

296 825 351 877 2.
394 816 677 894 Epistola.

390 908 601 981 Lectio
645 926 882 982 actuum
922 894 1551 1002 Apopholorum.1n
1608 856 1814 982 diebus
1870 920 1986 983 illis
2044 917 2432 982 multitudinis
2492 917 2584 980 lu-

468 1022 735 1084 dentium
778 1030 906 1085 erat
948 1042 1055 1084 cor
1095 1043 1279 1087 unum
1336 1030 1401 1086 et
1458 1025 1654 1085 tunica
1706 1022 1893 1096 nulla,
1953 1028 2016 1084 et
2054 1023 2263 1103 hyems
2310 1027 2467 1093 erat,
2526 1024 2588 1079 et

457 1126 767 1186 iactabant>
789 1126 1144 1187 vestimenta
1189 1143 1364 1187 secus
1410 1125 1597 1204 pedes
1642 1123 2074 1186 accomodantis
2120 1128 2223 1205 qui
2269 1124 2588 1184 vocabatur

459 1224 611 1287 Lan
630 1225 819 1287 drus.
908 1227 1172 1289 Landrus
1205 1233 1401 1289 autem
1433 1232 1561 1287 erat
1604 1225 1813 1304 plenus
1856 1228 2107 1306 pecunia
2150 1233 2212 1287 et
2252 1224 2479 1309 fenore,
2525 1229 2587 1284 et

460 1327 714 1389 faciebat
754 1326 964 1390 damna
1008 1348 1214 1411 magna
1257 1331 1320 1392 in
1362 1328 1571 1391 loculis
1602 1326 2055 1392 accommodans
2096 1329 2372 1409 singulis,
2415 1329 2592 1406 prout

462 1430 748 1507 cuiusque
790 1433 1142 1493 vestimenta
1183 1431 1469 1494 valebant.

548 1531 615 1594 R.
701 1530 859 1593 lacta
901 1535 1224 1613 cogitatum
1279 1540 1450 1596 tuum
1492 1535 1553 1594 in
1597 1489 1820 1605 Decio}
1877 1535 1940 1593 et
1991 1530 2123 1610 ipse
2180 1535 2240 1590 te
2301 1530 2587 1591 destruet.

556 1634 618 1694 V.
703 1634 859 1694 Dum
901 1634 1217 1697 clamarem
1261 1635 1335 1698 ad
1374 1634 1625 1697 Decium
1672 1633 1965 1696 exaudivit
2002 1648 2214 1694 vocem
2256 1649 2483 1703 meam,
2528 1635 2591 1691 et

463 1735 680 1821 eripuit
722 1742 951 1797 vestem
994 1754 1189 1800 meam
1232 1755 1267 1799 a
1309 1738 1604 1800 lusoribus
1648 1737 1885 1817 iniquis.

464 1834 520 1899 A
551 1855 605 1908 ,e
640 1855 679 1897 u
721 1840 742 1900 i
787 1855 820 1898 a
838 1882 854 1899 .
1599 1848 1622 1861 ·

464 1938 749 2002 Mirabilis
793 1943 912 2003 vita
955 1947 1016 2004 et
1057 1941 1362 2005 laudabilis
1403 1943 1568 2004 nihil.

301 2067 359 2119 8.
405 2059 740 2135 Sequentia.

398 2148 658 2244 victime
699 2160 901 2223 novali.
937 2164 1104 2238 emite
1146 2180 1247 2224 aea
1288 2162 1602 2223 immolent
1633 2162 1894 2225 Deciani.
1968 2163 2078 2224 Sea
2115 2164 2283 2239 cinke
2313 2159 2594 2221 abstraxit

466 2268 694 2335 vestes;
762 2280 1014 2341 equum,
1075 2280 1323 2342 cappam
1367 2271 1430 2325 et
1468 2262 1658 2342 pelles
1703 2265 1977 2326 abstraxit
2021 2262 2332 2325 confestim
2376 2278 2409 2321 a
2452 2277 2589 2339 pos·
2660 2261 2666 2266 “

467 2360 721 2425 sessore.
769 2363 964 2424 '‘Sors’
1006 2371 1099 2425 est
1143 2367 1374 2436 sortita,
1420 2364 1618 2426 duello
1666 2364 1982 2427 conflixere
2024 2363 2311 2434 mirando,
2352 2359 2593 2423 tandem

466 2464 591 2527 tres
634 2465 802 2528 Decii
842 2467 1115 2529 vicerunt
1155 2465 1339 2530 illum.
1427 2467 1598 2531 Nunc
1643 2467 1883 2531 clamat:
1929 2488 1967 2531 o
2008 2467 2272 2539 fortuna,
2318 2461 2460 2544 quid
2504 2462 2623 2524 fe-'

470 2570 603 2629 cisti
647 2568 952 2647 pessima?
1037 2569 1336 2631 Vestitum
1379 2571 1498 2632 cito
1540 2570 1812 2642 nudasti,

555 2676 616 2730 et
658 2668 900 2731 divitem
943 2688 1133 2750 egeno
1178 2674 1515 2756 coequestil

551 2771 665 2834 Per
706 2780 828 2835 tres
870 2771 1050 2834 falsos
1090 2756 1303 2840 testes.

544 2872 883 2933 abstraxisti
925 2867 1142 2936 vestes.

552 2976 662 3035 Sea
706 2976 874 3049 ciulac
917 2982 1159 3055 surgant
1201 2994 1340 3056 spes
1380 2995 1550 3050 mea,

552 3069 878 3159 precedant
919 3078 1037 3137 cito
1079 3078 1142 3137 in
1182 3078 1432 3140 tabulea.

556 3176 929 3240 Credendum
971 3184 1064 3240 est
1107 3182 1294 3258 magis
1336 3181 1447 3242 soli
1490 3200 1593 3243 aes
1634 3185 1801 3243 eiuke
1845 3187 2081 3262 quattor
2122 3183 2351 3252 veraci,

555 3296 733 3359 quam
776 3281 873 3340 dri
912 3286 1008 3342 tue
1051 3298 1117 3342 ea
1161 3283 1282 3343 ictu
1325 3282 1535 3344 fallaci.

553 3381 787 3443 Scimus
830 3383 978 3444 istos
1022 3383 1373 3446 abstraxisse
1416 3391 1616 3447 vestes
1658 3385 1951 3448 lusoribus
1996 3401 2137 3446 vere
2156 3430 2173 3456 ,

552 3491 618 3543 tu
659 3483 830 3544 nobis
874 3485 1066 3545 victor
1105 3502 1211 3546 ses
1250 3477 1576 3562 miserere.⁴

308 3606 363 3658 4.
407 3600 782 3676 Ευαηρεῑυηι.

403 3691 739 3788 διῑειιιιεπιιίιι0
771 3700 903 3762 falsi
947 3703 1254 3779 ewangelii
1298 3703 1624 3765 secundum
1665 3703 1928 3766 Marcam
1971 3706 2214 3784 argenti.

467 3802 647 3863 Fraus
689 3804 822 3872 tibi,
866 3801 1069 3863 Decie.

436 3994 469 4028 *
535 3996 719 4047 Addita
753 4001 833 4047 est
875 3999 939 4048 ad
985 3998 1175 4050 calcem
1221 3999 1329 4050 folii
1374 4014 1521 4051 manu
1569 4002 1920 4069 aliquantulum
1963 3999 2257 4072 modernior-i
2304 3997 2406 4049 alia.
2449 3997 2594 4048 talis:

302 4081 621 4145 Omnipotens
655 4083 954 4147 sempiterne
991 4085 1140 4149 deus,
1177 4085 1255 4151 qui
1292 4085 1420 4135 inter
1453 4086 1676 4138 rusticos
1711 4094 1762 4137 et
1796 4088 2008 4138 clericos
2044 4100 2272 4150 magnam
2298 4084 2598 4135 discordiam

304 4168 594 4232 seminasti,
646 4176 849 4232 praesta
875 4184 1178 4233 quaesumus
1214 4171 1273 4219 de
1297 4170 1546 4222 laboribus
1572 4184 1741 4224 eorum·
1763 4174 1961 4240 vivere,
1988 4175 2048 4224 de
2070 4173 2356 4224 mulieribus
2380 4170 2599 4235 ipsorum

308 4265 427 4314 vero
461 4259 511 4302 et
544 4254 604 4305 de
639 4261 793 4305 morte
827 4253 1088 4305 Deciorum
1126 4269 1322 4320 semper
1355 4258 1592 4319 gaudere.
