3155 4946
1453 289 1536 358 27

1387 451 1608 540 XXIV.

1369 590 1467 643 (fol.
1498 592 1549 638 18
1563 593 1634 645 b.)

890 681 935 731 i.

324 755 497 842 Quon
544 768 760 848 spiritu
804 764 984 830 David
1028 767 1349 851 precinuit‚
1381 842 1402 857 Ἴ

333 888 496 932 nune
546 873 822 950 exposuit

332 973 510 1035 nobis
557 973 728 1036 Deus
747 1020 764 1046 ,
809 981 869 1035 et
911 975 996 1035 sie
1038 975 1309 1036 innotuit.

335 1072 684 1136 Saracenas
728 1074 1104 1156 sepulchrum
1146 1076 1391 1157 polluit,

335 1193 460 1254 quo
503 1178 783 1239 recubuit

337 1278 443 1357 qui
485 1292 602 1358 pro
647 1280 817 1342 uobis
860 1276 1169 1344 crucifixus
1212 1280 1337 1344 fuit.

339 1375 648 1450 Quantum
690 1382 859 1443 nobis
904 1383 967 1442 in
996 1381 1110 1443 hoe
1142 1382 1476 1455 condoluit,

346 1487 642 1559 quantum
684 1482 853 1543 nobis
895 1486 1184 1564 propitius
1210 1485 1369 1559 -iuit,

345 1578 490 1642 dum
533 1584 627 1644 sie
669 1583 853 1646 voluit
1331 1583 1336 1591 '

346 1689 604 1745 mortem
644 1687 764 1765 pati
809 1702 1008 1757 cruce,
1051 1705 1166 1748 nee
1209 1691 1455 1751 meruit!

346 1781 500 1845 Refl.
543 1785 824 1866 Exsurgat
870 1786 1034 1849 Deus
1053 1832 1097 1876 ,ῃ
1130 1795 1193 1851 et
1241 1789 1485 1870 dissipet

807 1877 1011 1951 hostes
1058 1906 1214 1969 quos
1255 1891 1482 1965 babuit,

349 1992 665 2067 postquam
706 1992 943 2074 prebuit

352 2086 662 2154 Saracenis
701 2092 902 2155 locum
947 2112 1065 2175 quo
1107 2097 1300 2159 iacuit.

899 2261 948 2314 2.

356 2365 494 2440 Duo
537 2380 690 2462 ligna
734 2380 832 2445 diu
876 2400 997 2445 non
1041 2383 1240 2447 habuit

355 2481 696 2564 Sareptina,
742 2486 953 2566 quibus
996 2495 1061 2549 ut
1103 2490 1290 2571 caruit
1306 2533 1324 2559 ,

357 2579 620 2666 semper
641 2585 828 2672 doluit
890 2612 893 2614 ·

357 2693 420 2749 et
460 2686 711 2761 dolebit,
755 2687 895 2751 dum
938 2689 1288 2757 rehabuerit.

359 2788 678 2853 Sunamitis
742 2792 956 2855 elamat
1011 2813 1120 2874 pro
1177 2794 1293 2857 filio
1311 2841 1329 2867 ‚
1387 2797 1489 2876 qui

1074 2897 1381 2970 occubuit,

362 3009 539 3071 quem
585 2989 699 3056 rieo
742 2994 908 3058 Giezi
947 3013 1156 3060 sanare
1200 2999 1423 3078 potuit,

356 3091 638 3179 Heliseus
679 3097 794 3158 nisi
817 3103 961 3159 met
1000 3101 1228 3162 venerit
1243 3144 1262 3171 ,

359 3211 481 3256 non
524 3198 877 3271 surrexerit,

360 3300 423 3357 et
463 3314 535 3358 os
580 3298 668 3359 ori
707 3304 873 3361 reete
916 3303 1297 3365 coniunxerit.

1530 765 1811 852 Heliseus
1852 770 1914 829 ni
1958 785 2118 831 nunc
2160 771 2418 843 venerit,

1530 870 1591 930 ni
1635 878 1886 950 peccata
1927 889 2258 953 conpassus
2300 873 2531 945 tulerit,

1530 989 1652 1033 non
1696 971 1963 1033 babuerit

1532 1074 1791 1135 ecelesia
1837 1091 2109 1146 crucem,
2154 1091 2269 1154 qua
2313 1079 2517 1137 caruit.

2074 1193 2122 1245 3.

1528 1267 1609 1340 Et
1652 1277 1886 1342 adiuvet
1924 1281 1988 1341 in
2029 1279 2143 1342 boe
2188 1281 2466 1351 exercitu,
2510 1295 2663 1358 quos

2253 1382 2567 1460 signaverit

1529 1482 1705 1561 signo
1750 1484 1982 1555 erucis,
2026 1494 2140 1562 qua
2185 1500 2296 1544 nos
2326 1480 2664 1552 redemerit,

1533 1584 1652 1644 iam
1696 1590 1931 1668 tempus
1976 1581 2278 1645 advenerit

1534 1687 1740 1769 venie,
1787 1701 1907 1764 quo
1950 1684 2209 1763 potuerit

1534 1804 1605 1848 se
1649 1787 1873 1850 salvare
1919 1787 2021 1864 qui
2063 1803 2303 1847 erucem
2347 1785 2603 1864 ceperit3

1535 1888 1731 1950 ‘nuno’
1757 1887 1950 1952 videat
1969 1888 2245 1966 quisque,
2275 1884 2416 1966 quid
2437 1884 2662 1954 iecerit,

1533 1990 1743 2069 quibus
1787 1996 1849 2050 et
1891 1992 2040 2068 quot
2081 1987 2274 2049 Deum
2319 1985 2663 2055 offenderit:
2717 2036 2740 2053 ,

1532 2090 1698 2171 quod
1741 2093 1792 2153 si
1835 2091 2071 2164 viderit,

1394 2204 1403 2211 ·
1533 2198 1596 2254 et
1638 2211 1706 2256 se
1750 2194 1979 2274 signet,
2022 2193 2115 2254 his
2158 2193 2388 2254 solutus
2432 2192 2560 2253 erit.

2074 2311 2125 2362 4.

1395 2446 1401 2452 .
1532 2386 1902 2465 Exsurrexit,
1959 2402 2021 2461 et
2075 2414 2189 2458 nos
2250 2404 2562 2473 assurgere
2606 2395 2662 2454 ei

2255 2514 2513 2577 propere

1531 2600 1649 2661 iarn
1694 2606 1965 2661 tenemur
2007 2605 2183 2678 atque
2228 2615 2612 2672 succurrere3

1535 2698 1853 2761 ierusalem
1897 2697 2151 2778 perdere

1535 2801 1749 2873 voluit,
1792 2806 1859 2862 ut
1898 2799 2014 2861 hoo
2058 2816 2242 2880 opere
2306 2807 2309 2809 ’

1539 2902 1626 2963 sio
1670 2919 1987 2982 possemus
2033 2901 2234 2982 culpas·
2277 2900 2504 2962 diluere
2521 2920 2536 2973 ;

1537 3021 1676 3065 nam
1718 3005 1770 3066 si
1827 3001 2033 3075 vellet,
2088 3002 2295 3066 hostes
2356 3001 2667 3065 destruere

1536 3107 1759 3185 absque
1827 3105 1995 3167 nobis
2057 3111 2120 3166 et
2159 3112 2393 3166 terram.
2436 3103 2668 3167 solvere

1535 3214 1748 3288 posset
1792 3224 2048 3289 propere
2066 3251 2084 3279 ,

1540 3325 1677 3370 eum
1722 3308 1829 3369 sibi
1871 3307 1954 3370 nil
1997 3308 2187 3388 possit
2228 3308 2524 3369 resistere.

1414 3607 1607 3680 XXV.

1267 3772 1276 3779 .
1386 3725 1501 3786 (rot.

834 3847 837 3850 .
900 3822 946 3875 1·

362 3894 551 3964 Tour
595 3904 930 3983 evangeliea

364 4003 519 4067 olara
561 4017 672 4069 vox
709 4005 774 4066 in
819 4006 1074 4069 mundo:

369 4108 511 4187 „qui
554 4106 776 4170 dormis
817 4109 879 4170 in
918 4111 1183 4191 pulvere,

365 4226 542 4289 surge
587 4207 663 4271 de
705 4209 998 4292 profundo
1019 4259 1038 4290 ,

1546 3732 1611 3779 u.
1629 3735 1648 3785 )

1542 3908 1681 3971 luce
1725 3925 1832 3977 sua
1875 3907 2166 3970 Dominus

1543 4016 1605 4071 te
1647 4008 2022 4082 illuminabit,

1544 4118 1606 4172 et
1650 4128 1685 4173 a
1727 4111 1898 4174 malis
1942 4111 2218 4174 omnibus

1544 4214 1799 4275 animam
1842 4213 2137 4276 salvabit.“
