3155 4946
473 621 770 698 ‘Veniunt’
811 636 1111 700 Hircomili
1127 685 1143 708 ,

468 735 665 818 Turgo
710 745 773 800 et
814 736 985 823 Edite
1004 784 1023 811 ,

468 837 660 902 Mauri
708 845 885 918 atque
931 839 1162 914 Getuli‚

466 938 702 1002 Barbari
745 946 808 1001 et
847 940 1071 1025 Scythe
1087 986 1106 1013 ,

465 1038 569 1101 mii
602 1039 816 1111 Moab,
858 1039 1051 1103 Amon

468 1146 531 1203 et
567 1138 901 1227 Ismahelite
918 1190 934 1216 ,

467 1245 644 1320 atque
689 1260 828 1304 cum
869 1242 960 1306 his
1002 1247 1274 1310 omnibus

468 1349 609 1403 sunt
649 1342 1055 1453 Amalecbitek

1003 1511 1058 1564 6.

468 1602 703 1672 Turcos
746 1628 815 1671 ac
857 1611 1222 1693 Massagetas

464 1712 717 1797 precipit
758 1710 1011 1784 adesse;

464 1811 659 1876 Katari
702 1819 876 1893 atque
921 1814 1220 1879 Sarmates

464 1914 675 1976 nolunt
716 1915 854 1977 hinc
897 1918 1140 1990 abesse,

468 2023 713 2079 currunt
756 2016 987 2091 ‘Quadi,
1033 1996 1276 2082 Vandili'
1290 2066 1307 2093 ,

466 2117 631 2180 Medi
675 2125 849 2198 atque
894 2118 1108 2204 Perse.

462 2217 725 2297 undique
770 2222 1128 2282 conveniunt

462 2327 671 2397 gentes
715 2322 803 2382 sic
849 2319 1100 2408 diverse.

1003 2491 1055 2543 7.

462 2578 708 2676 Terram
749 2589 965 2651 intrant
1007 2591 1266 2653 inclitam

462 2696 735 2751 cunctam
781 2690 1189 2765 devastantes,

463 2793 697 2872 capiunt
741 2789 1138 2865 christicolae,

461 2910 640 2954 senes
685 2901 745 2954 et
786 2894 1038 2955 infantes
1057 2939 1076 2966 ,

459 3001 520 3054 et
561 3000 627 3055 ut
668 2994 795 3079 fere
843 2998 1105 3081 pessime

459 3096 803 3174 sanguinem
845 3083 1107 3159 amantes

458 3197 719 3275 iugulant
760 3198 1041 3277 puerulos
1060 3245 1077 3271 ,

460 3295 720 3360 dividunt
757 3307 1131 3384 pregnantes.
1253 3310 1257 3314 ’

995 3469 1047 3519 8.

459 3558 836 3630 Sa-ladino
879 3568 1051 3648 igitur

457 3676 673 3730 terram
715 3672 804 3730 sic
847 3671 1115 3747 ingresso

459 3788 559 3832 rex
605 3775 777 3849 atque
820 3770 1235 3849 Templarii

458 3878 702 3932 currunt
743 3889 812 3932 ex
856 3869 1106 3932 adverso
1124 3915 1142 3941 ‚

456 3975 593 4035 totis
639 3973 871 4034 obstant
911 3972 1132 4034 nisibus

455 4075 696 4136 barbaro
736 4090 1020 4153 perverso

458 4177 764 4256 cupientes
804 4172 1023 4252 populo

458 4263 765 4337 subvenire
804 4289 1033 4353 presso.

1585 353 1672 422 30

2197 546 2251 601 9.

1658 620 1878 691 ancbi
1920 637 2185 711 pugnant
2227 633 2473 706 acriter,

1653 731 1844 792 iacula
1885 733 2187 794 mittentes

1654 831 2002 895 christianos
2044 833 2351 897 vulnerant

1652 930 1878 1016 cedunt
1920 935 2287 1007 resistentes,

1650 1040 1715 1095 et
1752 1040 1821 1096 ut
1860 1035 2016 1118 male
2056 1034 2247 1120 bestie

1650 1133 1922 1197 dentibus
1963 1136 2287 1198 &ementes

1645 1239 1912 1301 territant
1953 1238 2278 1318 sonipedes

1652 1338 1807 1402 tubis
1823 1322 1832 1331 ⁰
1847 1347 2315 1422 perstrepentes.

2176 1508 2257 1560 10.

1648 1599 1853 1672 Nostri
1895 1627 1962 1671 se
2008 1610 2153 1672 dum
2197 1610 2462 1672 sentiunt

1646 1715 1726 1774 ita
1767 1717 2145 1797 pregravatus

1648 1820 1710 1875 et
1753 1832 1785 1875 a
1830 1813 1998 1875 malis
2042 1813 2315 1893 gentibus

1646 1913 1907 1995 undique
1952 1913 2228 1985 vallatos,

1646 2018 1939 2096 stringunt
1982 2017 2105 2078 suis
2148 2018 2416 2078 manibus

1650 2134 1830 2179 enses
1874 2115 2223 2180 decauratos
2242 2161 2259 2187 ,

1649 2222 1823 2297 atque
1868 2225 2141 2280 truncant
2161 2218 2410 2279 -fortiter

1646 2317 1921 2380 barbaros
1966 2324 2238 2380 armatos.
2314 2395 2317 2398 ἦ

2168 2485 2249 2536 11.

1649 2577 1793 2650 Plus
1838 2604 2015 2667 quam
2058 2585 2110 2647 Χ
2154 2586 2311 2648 milia

1645 2697 1810 2751 erant
1855 2688 2180 2759 christiani,

1645 2789 1752 2852 sed
1795 2808 1901 2869 pro
1944 2808 2065 2852 uno
2109 2790 2368 2870 quolibet

1640 2896 1733 2952 ter
1776 2898 2016 2954 centum
2058 2892 2299 2971 pagani,

1642 2993 1728 3051 sic
1771 2992 2083 3072 pugnando
2128 2995 2396 3055 cominus

1642 3091 1834 3154 Bactri
1878 3100 1941 3153 et
1980 3092 2247 3164 Hircani,

1641 3196 1731 3257 vix
1774 3211 1844 3255 ex
1887 3196 2108 3256 nostris
2151 3196 2327 3275 aliqui

1641 3304 1954 3357 evaserunt
1995 3298 2136 3359 sani.

2160 3464 2239 3515 12.

1638 3558 1769 3629 Rex
1815 3585 1951 3628 cum
1997 3585 2176 3629 cruce
2222 3568 2479 3647 capitur,

1638 3670 1731 3730 alii
1771 3653 2146 3741 truncantur,

1636 3769 1952 3848 Templarii
1993 3777 2086 3829 ter
2116 3777 2355 3850 centum

1636 3872 1789 3950 capti
1832 3870 2225 3941 decollantur,

1634 3989 1886 4053 quorum
1931 3973 2090 4033 nulla
2133 3989 2384 4053 corpora

1632 4074 1937 4157 sepulture
1981 4073 2224 4146 dantur,

1632 4173 1741 4237 sed
1784 4194 1816 4236 a
1858 4172 1990 4254 Xpo
2035 4176 2230 4257 anime

1635 4277 1768 4342 celo
1813 4284 2192 4339 coronantur.
