3155 4946
1662 266 1749 336 aa
3078 120 3082 315 ⁴

561 442 936 518 Quantula,
997 442 1171 503 ceolla
1228 447 1563 517 marcae,
1625 457 1743 518 qua
1799 444 1929 501 visa
1987 446 2159 500 trec
2214 453 2448 515 reyes
2507 453 2547 497 a
2604 438 2859 498 divertis

513 572 530 585 -
639 542 916 619 parabus
943 543 1141 602 numdi
1167 545 1414 603 nomm!
1450 548 1511 603 ct
1536 547 1912 602 mironem·
1955 542 2029 602 de
2073 543 2447 615 apparitione
2491 539 2628 599 talia
2670 541 2859 622 stelle,

644 652 888 722 quom
923 647 1226 721 prinus
1268 644 1459 704 dicat.-
2618 684 2624 689 -

569 751 661 806 18.
683 734 804 806 Per
846 760 1121 806 curarum
1164 742 1454 806 distrahor

688 845 1029 926 frequenter
1072 842 1436 925 quadrivium
1450 891 1468 917 ,

685 948 927 1008 rationis
972 947 1203 1025 patiens

686 1053 745 1108 et
790 1048 1010 1109 mentia
1048 1046 1408 1127 naufragium
1428 1090 1446 1117 ,

686 1163 825 1209 cum
866 1148 1018 1209 hauc
1061 1148 1290 1211 atellam
1332 1147 1508 1212 video

687 1254 1018 1326 portantem
1059 1245 1338 1310 indicium
1354 1293 1374 1321 ,

689 1347 848 1428 quod
889 1351 1078 1429 ipsius
1122 1351 1348 1414 novitas

686 1467 906 1512 novum
949 1458 1143 1531 portet
1185 1453 1474 1514 nuntium.

687 1552 912 1614 Cursus
958 1569 1070 1632 ego
1114 1551 1292 1614 didici

687 1659 748 1712 et
791 1661 1026 1716 naturaa
1064 1653 1326 1717 siderum
1345 1700 1362 1726 ‚

689 1759 750 1814 et
792 1755 1055 1834 ipsorum
1102 1757 1344 1817 memini

687 1859 1042 1937 perscrutari
1084 1874 1431 1930 numerum3

688 1957 796 2019 aed
843 1976 980 2020 cum
1022 1959 1173 2022 banc
1212 1960 1463 2038 inspicio
1481 2004 1498 2030 ,

688 2076 800 2138 ego
842 2062 1023 2122 miror
1064 2063 1279 2123 iterum
1296 2106 1314 2133 ,

690 2161 823 2239 quia
866 2179 987 2224 non
1032 2163 1360 2242 comparuit

689 2259 846 2339 apud
888 2279 1245 2342 quemquam
1289 2268 1572 2324 veterum.

568 2360 695 2420 Hoc
736 2362 897 2422 dicat
929 2366 1216 2439 primm
1265 2381 1501 2440 sempor
1555 2364 1921 2439 ”aspiciendo
1960 2363 2190 2425 atellam
2231 2368 2294 2422 et
2333 2363 2589 2435 disputet
2631 2362 2707 2420 de
2749 2360 2868 2421 illa,

647 2461 826 2523 Dicat
864 2466 1280 2526 sccundus:

574 2572 666 2624 ιθ.
688 2552 823 2624 Mea
863 2564 978 2626 iam
1021 2565 1336 2650 precordia

694 2662 867 2728 dulce
910 2669 1082 2729 vestit
1125 2667 1433 2747 gaudium,

698 2767 838 2828 mihi
880 2768 973 2851 vie
1015 2767 1235 2830 factum
1277 2769 1405 2829 ‘eat’

703 2884 823 2928 uon
867 2884 1108 2946 parvum
1152 2867 1587 2948 compendium.

693 2965 757 3029 ln
804 2985 878 3028 eo
924 2967 1084 3046 quod
1127 2968 1358 3048 ambigo

694 3086 762 3130 se
806 3076 1231 3132 monstrantem
1274 3070 1513 3132 dubium

1862 741 2112 818 Quando
2155 743 2294 804 luna
2335 743 2584 822 patitur,

1863 852 1925 908 et
1965 844 2057 908 aol
2099 843 2339 923 quando
2382 843 2822 913 obscurabitur,

1864 965 2042 1028 quem
2085 944 2363 1009 effectum
2404 945 2612 1007 habeat

1866 1048 2092 1110 Stilbon
2137 1064 2345 1108 comes
2385 1044 2666 1116 Veneria,

1862 1154 1922 1212 in
1965 1167 2084 1229 quo
2129 1148 2312 1229 gradu
2357 1149 2604 1209 maxime
2623 1192 2640 1215 ,

1862 1249 2054 1322 Mara,
2099 1251 2343 1312 nocivus
2388 1248 2634 1319 diceris,

1866 1352 2006 1414 mihi
2049 1350 2187 1412 iecit
2216 1351 2532 1430 ‚cognitum

1864 1453 2057 1532 lingua
2101 1458 2270 1535 secte
2313 1453 2562 1522 veteris;

1863 1553 1970 1615 sed
2016 1554 2312 1633 elinguem
2354 1550 2533 1614 efficit

1864 1655 1958 1716 hic
2004 1672 2100 1716 me
2143 1654 2318 1737 atelle
2362 1652 2596 1724 radiua;

1865 1753 2004 1835 quid
2047 1753 2389 1834 portendat,
2433 1754 2658 1815 nescio.

1866 1853 1987 1919 Sed
2035 1872 2292 1939 quereus
2335 1856 2606 1915 attentius

1861 1957 1976 2019 hoc
2019 1973 2199 2017 unum
2245 1956 2497 2016 coniicio
2515 1999 2532 2025 ,
2569 1978 2578 1993 ·

1864 2055 2026 2136 quod
2069 2062 2162 2116 est
2206 2061 2376 2117 natus
2419 2054 2607 2127 flliua,

1865 2157 1959 2220 cui
2004 2154 2262 2219 mundus
2300 2155 2573 2230 obediet,

1867 2566 1927 2625 in
1972 2582 2094 2646 quo
2138 2562 2454 2626 domicilio.

1870 2666 1989 2728 Sed
2032 2668 2093 2727 in
2137 2666 2249 2727 hac
2295 2683 2472 2745 quam
2516 2665 2734 2745 aspicia

1872 2775 1934 2830 et
1976 2785 2151 2848 quam
2193 2772 2493 2829 monstras
2536 2765 2750 2846 digito,

1871 2869 2146 2949 qualitate
2188 2870 2419 2949 cognita

1873 2967 1948 3032 de
1992 2969 2207 3032 effectu
2254 2969 2476 3031 dubito.

1873 3071 1995 3134 Sed
2040 3071 2183 3152 quid
2223 3070 2362 3133 inde
2408 3071 2689 3141 sentiam,

695 3176 757 3230 et
798 3186 942 3253 cure
983 3172 1329 3250 participem

557 3266 563 3270 ’
695 3275 814 3334 iam
854 3272 1049 3333 inveni
1091 3270 1335 3334 socium.

699 3370 945 3445 Quando
989 3377 1189 3458 mente
1230 3372 1384 3449 vigili

698 3472 961 3555 planetas
1002 3473 1248 3552 inspicio
1266 3517 1283 3543 ,

700 3591 833 3636 mea
877 3576 989 3637 vim
1033 3572 1341 3636 cuiuslibet

700 3675 1089 3757 deprehendit
1128 3678 1309 3748 ratio,

701 3779 778 3843 de
819 3777 1009 3843 Marte
1031 3824 1049 3851 ,
1093 3776 1168 3840 de
1210 3778 1474 3847 Venere,

702 3882 783 3944 de
821 3872 992 3952 Sole,
1036 3877 1335 3942 Mercurio
1350 3924 1367 3951 ,

704 3982 777 4043 de
818 3980 979 4045 Iovia
1023 3980 1333 4043 clementia
1350 4024 1366 4051 ,

702 4085 777 4146 de
821 4083 1055 4145 Saturni
1097 4084 1264 4144 aenio
1280 4125 1296 4153 ‚

705 4204 824 4271 que
868 4190 942 4250 sit
982 4187 1070 4251 via
1113 4183 1419 4245 cuiuslibet-

1869 3180 1931 3234 tu
1977 3189 2216 3251 mecum
2259 3173 2549 3251 accipito,

1870 3280 1936 3335 ut
1977 3276 2237 3335 fruamur
2277 3274 2494 3351 pariter

1873 3376 2090 3459 quesiti
2132 3375 2458 3453 proposito.
2525 3386 2529 3390 ·

1869 3475 2021 3539 lund
2061 3476 2227 3538 iubar
2268 3472 2430 3554 quod
2469 3476 2712 3554 inspicis

1871 3582 1932 3637 et
1969 3577 2029 3636 in
2074 3580 2297 3636 tantum
2341 3573 2555 3647 radiat,

1873 3686 1934 3739 et
1974 3677 2238 3758 planetas
2285 3683 2520 3740 ceteros

1873 3782 1932 3841 in
1977 3779 2258 3861 pallorem
2304 3780 2514 3852 variat,

1876 3897 2076 3960 regem
2118 3888 2318 3942 natum
2360 3878 2661 3963 predicat,

1874 3999 1995 4061 quo
2040 3983 2226 4044 maior
2267 4000 2387 4043 non
2430 3982 2658 4053 veniat,

1874 4085 2044 4145 cuius
2088 4082 2309 4145 cedens
2352 4086 2521 4146 nutui

1874 4192 2034 4247 totua
2077 4186 2234 4247 orbis
2279 4185 2508 4248 serviat.

1867 2278 2047 2341 quem
2091 2259 2317 2322 timebit
2359 2258 2627 2338 amplius.
