3155 4946
1409 338 1488 403 71

819 507 903 559 28.

303 605 455 677 Vide
475 661 492 686 ‚
536 614 587 673 si
630 608 992 689 complaceat
1479 615 1537 668 et
1585 605 1658 666 ad
1698 623 1883 689 penas
1928 606 2179 667 hominis

301 718 403 778 tihi
444 732 542 775 me
584 720 822 781 tenere;
1476 711 1651 771 huius
1695 707 2079 790 depellendas

301 821 364 878 in
408 812 731 877 scribendis
773 812 977 871 litteris
1479 828 1680 873 curam
1725 811 2086 890 aliquatenus

304 925 502 979 certus
547 933 681 976 sum
723 914 949 982 valere,
1476 915 1740 975 muneris
1780 912 2100 992 impendas.

303 1028 365 1081 et
406 1020 458 1080 si
499 1017 697 1078 forsan
740 1011 963 1075 accidat

304 1138 456 1199 opus
497 1119 819 1184 inminere,

301 1223 463 1283 vices
507 1219 568 1278 in
613 1215 920 1277 dictamine

299 1328 512 1401 potero
556 1317 850 1396 supplere.

1999 1077 2068 1131 30

1467 1171 1658 1247 Pater
1699 1181 1811 1256 mi,
1854 1180 1963 1242 sub
2005 1180 2166 1242 brevi

1478 1281 1656 1343 multa
1699 1279 2152 1360 comprehendi3

1480 1384 1618 1462 quia
1661 1380 1849 1442 doctis
1894 1378 2118 1443 decens
2163 1388 2255 1443 est

825 1481 907 1535 ²9·
1480 1482 1693 1543 modus
1734 1482 1829 1543 hic
1870 1480 2185 1562 loquendi;

300 1585 439 1656 Hoc
482 1594 534 1653 si
576 1589 970 1657 recusaveris,
1480 1591 1543 1645 et
1584 1591 1650 1645 ut
1689 1600 1932 1662 prorsus
1978 1600 2247 1645 resecem

302 1693 438 1756 audi
482 1688 641 1772 quod
686 1687 988 1751 attendas:
1478 1691 1676 1746 notam
1718 1683 2140 1770 applaudendi,

304 1794 663 1877 paupertatis
706 1792 872 1851 oneri
1479 1802 1597 1847 non
1641 1786 1702 1846 in
1743 1786 1922 1845 verbo
1969 1779 2237 1866 ‘longius'

303 1899 403 1977 pie
449 1888 923 1959 condescendas,
1478 1884 1696 1965 placuit
1735 1885 2028 1966 protendi.

1281 2232 1558 2305 CLXXII
1577 2252 1638 2303 a.

1981 2364 2193 2421 Versae.

510 2497 580 2565 Si
623 2506 755 2584 quis
800 2502 1106 2581 displiceat
1155 2501 1377 2579 pravis,
1422 2513 1542 2559 non
1589 2497 1964 2566 sollicitetur,

595 2621 731 2667 cum
773 2624 893 2666 non
939 2606 1014 2665 sit
1054 2620 1300 2682 pravus,
1344 2618 1522 2663 nemo
1563 2600 1800 2680 placere
1843 2604 2056 2676 potest.

514 2716 672 2805 Opto
718 2726 953 2804 placere
996 2722 1166 2784 bonis
1184 2766 1201 2792 ,
1246 2722 1435 2800 pravis
1480 2717 1722 2780 odiosus
1766 2716 1966 2777 haberi
1984 2759 2001 2786 ,

596 2833 869 2905 ‘namque
916 2822 1119 2886 bonos’
1165 2822 1301 2883 odio
1346 2838 1585 2900 semper
1624 2819 1842 2880 habere
1886 2816 2096 2878 solent.

1257 3188 1539 3262 CLXXX
1570 3209 1629 3260 a.

1312 3317 1422 3367 (sol.
1446 3314 1500 3357 9⁰
1516 3315 1592 3365 b.)

305 3447 434 3518 Vns
480 3458 593 3517 seit
636 3471 746 3515 von
791 3451 1108 3531 Lutringen
1148 3447 1428 3519 Helfrich,
1479 3445 1553 3507 da
1596 3445 1644 3506 si
1688 3460 1761 3505 an
1805 3438 1987 3501 ander
2032 3435 2268 3499 funden.

304 3561 410 3622 wie
456 3575 657 3619 zwene
702 3556 924 3617 rechen
963 3550 1218 3615 lobelich
1269 3561 1274 3566 ·
1475 3545 1600 3608 Her
1641 3542 1899 3606 Dietrich
1942 3543 2052 3603 rait
2092 3542 2196 3601 mit
2236 3555 2481 3599 mannes

304 3679 373 3723 ze
415 3661 658 3723 saemine
701 3655 1032 3718 bechomen
2308 3638 2512 3701 chraflt

305 3762 530 3824 Erekke
575 3759 737 3823 unde
782 3758 930 3819 ovch
973 3755 1082 3816 her
1112 3754 1424 3816 Dietcrich.
1477 3749 1596 3811 den
1639 3745 1772 3807 walt
1814 3745 1937 3808 also
1982 3741 2354 3804 unchunden.

308 3865 371 3926 Si
413 3881 608 3927 waren
651 3858 819 3923 beide
862 3857 1133 3921 vraislich
1152 3902 1168 3927 ‚
1475 3851 1662 3914 Ereke
1708 3849 1817 3911 der
1859 3848 2033 3908 chom
2079 3845 2184 3907 dar
2224 3856 2412 3924 gegan
2431 3887 2448 3914 ,

308 3966 379 4027 da
413 3979 543 4028 'von
588 3965 639 4026 si
683 3960 941 4051 schaden
985 3976 1216 4021 namen.
1476 3969 1542 4013 er
1585 3952 1663 4013 lie
1706 3948 1971 4010 daheime
2016 3963 2185 4008 rossc
2225 3944 2332 4016 vil,

308 4068 409 4130 Ala
451 4069 675 4130 vinster
719 4081 836 4126 was
880 4062 990 4124 der
1029 4068 1159 4131 tan,
1473 4052 1582 4116 daz
1627 4069 1743 4114 was
1785 4050 1909 4111 niht
1949 4049 2062 4111 wol
2103 4054 2294 4128 getan.
