3155 4946
1588 339 1715 407 214

1531 513 1672 585 142
1724 539 1784 590 ιι.

1025 641 1150 712 Der
1195 650 1417 713 winder
1460 653 1654 729 zeiget
1696 653 1822 712 sine
1868 651 2049 712 chraft

1025 752 1143 814 den
1184 747 1423 814 blfimen
1467 750 1625 812 unde
1667 750 1776 811 der
1816 749 2003 813 we'ide
2018 796 2036 821 ,

1025 853 1390 932 ‘zergangen’
1433 854 1512 913 ist
1552 853 1607 911 ir
1648 854 1849 932 grociu
1892 852 2079 914 chraft
2093 899 2109 915 ,

1027 954 1133 1015 daz
1177 956 1409 1035 chlaget
1449 973 1561 1018 uns
1605 954 1702 1016 diu
1746 954 1936 1015 heide.

1024 1057 1136 1119 We
1179 1053 1268 1120 tfit
1292 1060 1370 1119 -in
1414 1057 1521 1118 rite
1567 1055 1725 1119 unde
1768 1056 1922 1117 oucb
1965 1055 2075 1118 der
2114 1073 2221 1117 sne
2240 1104 2254 1115 .

1026 1159 1099 1220 da
1141 1177 1257 1221 von
1301 1164 1416 1219 stat
1458 1157 1551 1219 val
1594 1158 1702 1220 der
1744 1153 1925 1236 grline
1970 1157 2139 1227 chle‚

1029 1262 1124 1322 die
1168 1260 1376 1340 vogele
1420 1262 1668 1339 §wigent
1711 1276 1902 1338 gegen
1944 1258 2052 1320 der
2094 1261 2173 1320 zit
2187 1306 2203 1323 .

1031 1364 1081 1423 ei
1123 1362 1322 1424 lebent
1363 1362 1424 1422 in
1468 1379 1686 1440 grozen
1729 1378 1942 1439 sorgen
1957 1406 1973 1431 ,

1028 1462 1177 1524 durh
1217 1462 1324 1524 daz
1368 1460 1476 1524 der
1516 1469 1681 1524 vrost
1724 1464 1784 1522 in
1828 1460 2023 1521 cbelte
2066 1463 2149 1538 git
2165 1505 2180 1519 .

1032 1562 1140 1624 des
1185 1564 1364 1643 ligent
1410 1565 1460 1624 si
1500 1563 1849 1653 verborgen.

1592 1774 1747 1849 143.

1063 1953 1085 2001 ¹
1526 1894 1629 1943 «τοι
1654 1893 1702 1938 τι
1732 1895 1803 1941 υ.»

523 2027 636 2097 Sor.
678 2035 820 2096 solis
864 2037 925 2096 in
967 2034 1252 2097 stellifero
1688 2054 1755 2096 os
1799 2035 1971 2098 dulce
1988 2082 2003 2107 ,
2048 2038 2200 2097 latus
2244 2034 2459 2114 gracile
2473 2078 2488 2093 .

525 2136 727 2199 stellas
769 2135 1001 2198 excedit
1042 2136 1203 2199 radio
1219 2183 1236 2209 ,
1688 2138 2063 2217 longitudinis
2109 2137 2359 2220 modice.

524 2241 613 2299 sic
655 2239 829 2299 unica
873 2256 1050 2319 quam
1091 2238 1269 2317 diligo

523 2338 666 2399 mihi
707 2337 895 2417 place·
940 2347 1003 2401 et
1044 2337 1281 2418 populo.
2227 2338 2274 2389 4.

523 2430 683 2502 Refl.
706 2429 829 2502 Vos
872 2441 1077 2519 igitur,
1121 2457 1158 2500 o
1204 2440 1348 2501 socii
1368 2485 1384 2510 ,
1693 2433 1748 2506 Ο
1792 2446 1843 2505 si
1884 2442 2074 2505 forem
2108 2438 2469 2509 Mercurius,

693 2558 849 2602 nunc
889 2539 1152 2600 militetis
1195 2539 1430 2600 Veneri·
1693 2543 2067 2622 fPhilologiae
2110 2540 2388 2610 sedulue',

1051 2654 1101 2707 ².
1694 2652 1755 2707 et
1796 2646 1848 2705 si
1891 2646 1970 2705 sit
2007 2646 2068 2705 in
2112 2642 2525 2721 compedibus,

526 2734 917 2828 Quocumque
962 2749 1058 2804 est
1099 2759 1275 2823 quam
1319 2741 1495 2820 diligo
1510 2787 1524 2809 ,
1694 2745 1804 2805 eibi
1840 2743 2124 2821 jungerer
2166 2743 2437 2806 clericus.

529 2863 704 2926 quam
748 2862 939 2924 imper⁴
973 2862 1180 2905 omnes
1223 2842 1409 2922 eligo,

528 2946 601 3008 de
646 2965 762 3025 qua
803 2946 1145 3023 frequenter
1186 2944 1411 3024 cogito.
2224 2943 2274 2993 5.

528 3048 667 3111 mihi
710 3048 1030 3128 respondet
1070 3049 1302 3109 merito.
1693 3040 1897 3126 Quid?
1940 3047 2083 3109 illud
2125 3065 2372 3125 possum
2414 3046 2613 3108 dicere
2633 3093 2648 3117 ,

1052 3164 1090 3216 3
1695 3169 1802 3211 nos
1844 3153 1896 3211 si
1940 3152 2042 3229 qui
2083 3148 2265 3211 velint
2306 3150 2574 3227 inpetere
2596 3192 2613 3217 ,

527 3245 830 3332 Aspectus
874 3254 1002 3312 eius
1045 3250 1208 3320 liliis,
1690 3252 1902 3314 festina
1946 3269 2171 3321 moram
2213 3267 2521 3328 rumpere,

529 3372 661 3417 rosa
704 3357 870 3434 genie
914 3360 1007 3415 eet
1049 3351 1254 3413 similis
1270 3397 1285 3420 ‚
1691 3352 1784 3413 fac
1829 3353 1979 3414 mori
2021 3352 2117 3413 vel
2159 3351 2251 3413 fac
2294 3352 2508 3413 vivere.

1547 3559 1687 3632 143
1741 3584 1801 3635 a.

938 3684 1062 3756 Uns
1108 3693 1345 3753 'chumet
1388 3694 1486 3753 ein
1530 3693 1709 3753 liehte
1755 3692 2062 3752 sumerzit.
2182 3730 2185 3733 -

819 3854 822 3857 ,
937 3795 1038 3856 diu
1082 3784 1255 3854 heide
1300 3795 1362 3853 in
1408 3788 1622 3873 grliner
1663 3809 1856 3854 varwe
1899 3792 2003 3861 lit,
2139 3793 2143 3797 ’
2187 3779 2196 3791 '

940 3913 1069 3975 gras
1084 3942 1099 3967 ,
1143 3890 1380 3957 blfimen
1395 3940 1410 3965 ,
1457 3893 1589 3956 chle
1606 3940 1622 3965 ,
1666 3888 1764 3972 lop
1808 3911 1920 3954 uns
1965 3893 2015 3952 si
2060 3892 2145 3969 git
2160 3935 2175 3956 .

937 3997 1033 4057 die
1077 3996 1340 4058 wahsent
1383 3995 1494 4057 alle
1540 3994 1872 4057 widerstrit.

939 4088 1098 4158 Refl.
1152 4088 1327 4161 Swer
1367 4098 1481 4159 nah
1523 4096 1775 4158 frouden
1817 4111 2055 4156 werven
2100 4090 2226 4155 wil.

1149 4198 1258 4261 der
1298 4199 1446 4261 habe
1493 4192 1617 4259 mfit
1659 4209 1738 4260 un
1781 4198 1949 4257 sinne
1990 4192 2086 4256 vil.
2145 4264 2154 4269 ,
2203 4222 2230 4260 f
