<?xml version="1.0" encoding="UTF-8"?>
<!DOCTYPE html PUBLIC "-//W3C//DTD XHTML 1.0 Transitional//EN"
    "http://www.w3.org/TR/xhtml1/DTD/xhtml1-transitional.dtd">
<html xmlns="http://www.w3.org/1999/xhtml" xml:lang="en" lang="en">
 <head>
  <title>
</title>
<meta http-equiv="Content-Type" content="text/html;charset=utf-8" />
  <meta name='ocr-system' content='tesseract 3.04.00' />
  <meta name='ocr-capabilities' content='ocr_page ocr_carea ocr_par ocr_line ocrx_word'/>
</head>
<body>
  <div class='ocr_page' id='page_1' title='image "./carminaburanala00unkngoog_0192.png"; bbox 0 0 3155 4946; ppageno 0'>
   <div class='ocr_carea' id='block_1_1' title="bbox 496 513 1205 1110">
    <p class='ocr_par' dir='ltr' id='par_1_1' title="bbox 496 513 1205 1110">
     <span class='ocr_line' id='line_1_1' title="bbox 1016 513 1098 567; baseline 0 0"><span class='ocrx_word' id='word_1_1' title='bbox 1016 513 1098 567; x_wconf 83' lang='grc'><strong>38.</strong></span> 
     </span>
     <span class='ocr_line' id='line_1_2' title="bbox 496 610 1150 683; baseline -0.009 -2"><span class='ocrx_word' id='word_1_2' title='bbox 496 610 788 683; x_wconf 76' lang='lat' dir='ltr'><strong>Vniverse</strong></span> <span class='ocrx_word' id='word_1_3' title='bbox 830 618 1049 682; x_wconf 87' lang='lat' dir='ltr'><strong>clerico</strong></span> <span class='ocrx_word' id='word_1_4' title='bbox 1147 672 1150 675; x_wconf 87' lang='lat'>.</span> 
     </span>
     <span class='ocr_line' id='line_1_3' title="bbox 497 722 1205 800; baseline -0.004 -14"><span class='ocrx_word' id='word_1_5' title='bbox 497 722 765 786; x_wconf 79' lang='lat' dir='ltr'><strong>‘constat’</strong></span> <span class='ocrx_word' id='word_1_6' title='bbox 811 739 946 784; x_wconf 84' lang='lat' dir='ltr'><strong>esse</strong></span> <span class='ocrx_word' id='word_1_7' title='bbox 989 738 1205 800; x_wconf 78' lang='lat' dir='ltr'><strong>prona,</strong></span> 
     </span>
     <span class='ocr_line' id='line_1_4' title="bbox 500 823 1109 906; baseline -0.007 -18"><span class='ocrx_word' id='word_1_8' title='bbox 500 832 563 888; x_wconf 91' lang='lat' dir='ltr'><strong>et</strong></span> <span class='ocrx_word' id='word_1_9' title='bbox 603 826 838 906; x_wconf 79' lang='lat' dir='ltr'><strong>signum</strong></span> <span class='ocrx_word' id='word_1_10' title='bbox 879 823 1109 902; x_wconf 87' lang='lat' dir='ltr'><strong>imperii</strong></span> 
     </span>
     <span class='ocr_line' id='line_1_5' title="bbox 500 930 1094 1009; baseline -0.008 -18"><span class='ocrx_word' id='word_1_11' title='bbox 500 936 694 1009; x_wconf 78' lang='lat' dir='ltr'><strong>portat</strong></span> <span class='ocrx_word' id='word_1_12' title='bbox 736 930 799 989; x_wconf 92' lang='lat' dir='ltr'><strong>in</strong></span> <span class='ocrx_word' id='word_1_13' title='bbox 842 942 1061 988; x_wconf 77' lang='lat' dir='ltr'><strong>corona</strong></span> <span class='ocrx_word' id='word_1_14' title='bbox 1076 969 1094 996; x_wconf 90' lang='lat'>,</span> 
     </span>
     <span class='ocr_line' id='line_1_6' title="bbox 499 1025 1072 1110; baseline -0.01 -18"><span class='ocrx_word' id='word_1_15' title='bbox 499 1032 750 1110; x_wconf 77' lang='lat' dir='ltr'><strong>imperat</strong></span> <span class='ocrx_word' id='word_1_16' title='bbox 793 1025 1072 1095; x_wconf 78' lang='lat' dir='ltr'>militibus</span> 
     </span>
    </p>
   </div>
   <div class='ocr_carea' id='block_1_2' title="bbox 395 1131 1078 1219">
    <p class='ocr_par' dir='ltr' id='par_1_2' title="bbox 395 1131 1078 1219">
     <span class='ocr_line' id='line_1_7' title="bbox 395 1131 1078 1219; baseline -0.006 -22"><span class='ocrx_word' id='word_1_17' title='bbox 395 1162 426 1183; x_wconf 65' lang='grc' dir='ltr'><strong>ι-</strong></span> <span class='ocrx_word' id='word_1_18' title='bbox 495 1141 558 1197; x_wconf 90' lang='lat' dir='ltr'><strong>et</strong></span> <span class='ocrx_word' id='word_1_19' title='bbox 600 1134 844 1219; x_wconf 75' lang='lat' dir='ltr'><strong>largitur</strong></span> <span class='ocrx_word' id='word_1_20' title='bbox 884 1131 1078 1203; x_wconf 78' lang='lat' dir='ltr'><strong>dona3</strong></span> 
     </span>
    </p>
   </div>
   <div class='ocr_carea' id='block_1_3' title="bbox 493 1236 1184 1419">
    <p class='ocr_par' dir='ltr' id='par_1_3' title="bbox 493 1236 1184 1419">
     <span class='ocr_line' id='line_1_8' title="bbox 495 1236 1184 1300; baseline -0.009 -1"><span class='ocrx_word' id='word_1_21' title='bbox 495 1236 815 1300; x_wconf 74' lang='lat' dir='ltr'><strong>famulante</strong></span> <span class='ocrx_word' id='word_1_22' title='bbox 857 1237 1047 1298; x_wconf 74' lang='lat' dir='ltr'><strong>maior</strong></span> <span class='ocrx_word' id='word_1_23' title='bbox 1088 1238 1184 1294; x_wconf 89' lang='lat' dir='ltr'><strong>est</strong></span> 
     </span>
     <span class='ocr_line' id='line_1_9' title="bbox 493 1339 1109 1419; baseline -0.006 -18"><span class='ocrx_word' id='word_1_24' title='bbox 493 1339 793 1419; x_wconf 78' lang='lat' dir='ltr'><strong>imperans</strong></span> <span class='ocrx_word' id='word_1_25' title='bbox 836 1352 1109 1418; x_wconf 79' lang='lat' dir='ltr'><strong>persona.</strong></span> 
     </span>
    </p>
   </div>
   <div class='ocr_carea' id='block_1_4' title="bbox 1014 1498 1099 1554">
    <p class='ocr_par' dir='ltr' id='par_1_4' title="bbox 1014 1498 1099 1554">
     <span class='ocr_line' id='line_1_10' title="bbox 1014 1498 1099 1554; baseline 0 0"><span class='ocrx_word' id='word_1_26' title='bbox 1014 1498 1099 1554; x_wconf 73' lang='lat'><strong>³⁹.</strong></span> 
     </span>
    </p>
   </div>
   <div class='ocr_carea' id='block_1_5' title="bbox 469 1593 1231 2405">
    <p class='ocr_par' dir='ltr' id='par_1_5' title="bbox 469 1593 1231 2299">
     <span class='ocr_line' id='line_1_11' title="bbox 469 1593 1096 1668; baseline -0.005 0"><span class='ocrx_word' id='word_1_27' title='bbox 469 1593 773 1668; x_wconf 71' lang='lat' dir='ltr'><strong>‘Otiosum</strong></span> <span class='ocrx_word' id='word_1_28' title='bbox 813 1601 1096 1666; x_wconf 89' lang='lat' dir='ltr'><strong>clericum</strong></span> 
     </span>
     <span class='ocr_line' id='line_1_12' title="bbox 497 1709 1135 1788; baseline -0.006 -16"><span class='ocrx_word' id='word_1_29' title='bbox 497 1725 736 1788; x_wconf 84' lang='lat' dir='ltr'><strong>semper</strong></span> <span class='ocrx_word' id='word_1_30' title='bbox 779 1724 915 1770; x_wconf 87' lang='lat' dir='ltr'><strong>esse</strong></span> <span class='ocrx_word' id='word_1_31' title='bbox 957 1709 1135 1769; x_wconf 80' lang='lat' dir='ltr'><strong>iuras.</strong></span> 
     </span>
     <span class='ocr_line' id='line_1_13' title="bbox 495 1808 1211 1889; baseline -0.006 -16"><span class='ocrx_word' id='word_1_32' title='bbox 495 1808 659 1873; x_wconf 81' lang='lat' dir='ltr'><strong>Viles</strong></span> <span class='ocrx_word' id='word_1_33' title='bbox 703 1809 929 1888; x_wconf 85' lang='lat' dir='ltr'><strong>spernit</strong></span> <span class='ocrx_word' id='word_1_34' title='bbox 971 1824 1211 1889; x_wconf 77' lang='lat' dir='ltr'>operas,</span> 
     </span>
     <span class='ocr_line' id='line_1_14' title="bbox 493 1907 1078 1982; baseline -0.005 -9"><span class='ocrx_word' id='word_1_35' title='bbox 493 1909 716 1980; x_wconf 72' lang='lat' dir='ltr'><strong>fateor,</strong></span> <span class='ocrx_word' id='word_1_36' title='bbox 762 1914 824 1970; x_wconf 91' lang='lat' dir='ltr'><strong>et</strong></span> <span class='ocrx_word' id='word_1_37' title='bbox 867 1907 1078 1982; x_wconf 78' lang='lat' dir='ltr'><strong>duras,</strong></span> 
     </span>
     <span class='ocr_line' id='line_1_15' title="bbox 497 2010 1231 2075; baseline -0.003 -1"><span class='ocrx_word' id='word_1_38' title='bbox 497 2011 607 2074; x_wconf 88' lang='lat' dir='ltr'><strong>sed</strong></span> <span class='ocrx_word' id='word_1_39' title='bbox 649 2028 786 2072; x_wconf 89' lang='lat' dir='ltr'><strong>cum</strong></span> <span class='ocrx_word' id='word_1_40' title='bbox 829 2012 957 2072; x_wconf 88' lang='lat' dir='ltr'><strong>eius</strong></span> <span class='ocrx_word' id='word_1_41' title='bbox 1002 2010 1231 2075; x_wconf 70' lang='lat' dir='ltr'><strong>animus</strong></span> 
     </span>
     <span class='ocr_line' id='line_1_16' title="bbox 498 2109 1061 2186; baseline -0.005 -11"><span class='ocrx_word' id='word_1_42' title='bbox 498 2111 694 2175; x_wconf 78' lang='lat' dir='ltr'><strong>evolat</strong></span> <span class='ocrx_word' id='word_1_43' title='bbox 739 2109 814 2173; x_wconf 81' lang='lat' dir='ltr'><strong>ad</strong></span> <span class='ocrx_word' id='word_1_44' title='bbox 856 2128 1028 2174; x_wconf 76' lang='lat' dir='ltr'><strong>curas</strong></span> <span class='ocrx_word' id='word_1_45' title='bbox 1045 2157 1061 2186; x_wconf 92' lang='lat'>,</span> 
     </span>
     <span class='ocr_line' id='line_1_17' title="bbox 489 2211 1032 2299; baseline -0.002 -24"><span class='ocrx_word' id='word_1_46' title='bbox 489 2214 616 2299; x_wconf 70' lang='lat' dir='ltr'><strong>celi</strong></span> <span class='ocrx_word' id='word_1_47' title='bbox 657 2215 781 2277; x_wconf 81' lang='lat' dir='ltr'><strong>vias</strong></span> <span class='ocrx_word' id='word_1_48' title='bbox 828 2211 1032 2276; x_wconf 83' lang='lat' dir='ltr'><strong>dividit</strong></span> 
     </span>
    </p>

    <p class='ocr_par' dir='ltr' id='par_1_6' title="bbox 499 2300 1096 2405">
     <span class='ocr_line' id='line_1_18' title="bbox 499 2300 1096 2405; baseline 0 -27"><span class='ocrx_word' id='word_1_49' title='bbox 499 2322 562 2378; x_wconf 90' lang='lat' dir='ltr'><strong>et</strong></span> <span class='ocrx_word' id='word_1_50' title='bbox 601 2300 807 2378; x_wconf 32' lang='lat' dir='ltr'><strong>rerum*</strong></span> <span class='ocrx_word' id='word_1_51' title='bbox 839 2321 1096 2405; x_wconf 79' lang='lat' dir='ltr'><strong>naturas.</strong></span> 
     </span>
    </p>
   </div>
   <div class='ocr_carea' id='block_1_6' title="bbox 1019 2487 1102 2540">
    <p class='ocr_par' dir='ltr' id='par_1_7' title="bbox 1019 2487 1102 2540">
     <span class='ocr_line' id='line_1_19' title="bbox 1019 2487 1102 2540; baseline 0.024 -2"><span class='ocrx_word' id='word_1_52' title='bbox 1019 2487 1102 2540; x_wconf 89' lang='grc'><strong>40.</strong></span> 
     </span>
    </p>
   </div>
   <div class='ocr_carea' id='block_1_7' title="bbox 496 2581 1306 3366">
    <p class='ocr_par' dir='ltr' id='par_1_8' title="bbox 496 2581 1291 2767">
     <span class='ocr_line' id='line_1_20' title="bbox 496 2581 1291 2672; baseline -0.005 -17"><span class='ocrx_word' id='word_1_53' title='bbox 496 2581 671 2655; x_wconf 87' lang='lat' dir='ltr'><strong>Meus</strong></span> <span class='ocrx_word' id='word_1_54' title='bbox 715 2596 810 2652; x_wconf 89' lang='lat' dir='ltr'><strong>est</strong></span> <span class='ocrx_word' id='word_1_55' title='bbox 851 2592 911 2652; x_wconf 88' lang='lat' dir='ltr'><strong>in</strong></span> <span class='ocrx_word' id='word_1_56' title='bbox 953 2608 1244 2672; x_wconf 79' lang='lat' dir='ltr'><strong>purpura,</strong></span> <span class='ocrx_word' id='word_1_57' title='bbox 1288 2647 1291 2651; x_wconf 12' lang='grc' dir='ltr'><strong>Α</strong></span> 
     </span>
     <span class='ocr_line' id='line_1_21' title="bbox 497 2693 992 2767; baseline -0.006 -8"><span class='ocrx_word' id='word_1_58' title='bbox 497 2703 636 2759; x_wconf 90' lang='lat' dir='ltr'><strong>tuus</strong></span> <span class='ocrx_word' id='word_1_59' title='bbox 679 2697 741 2757; x_wconf 91' lang='lat' dir='ltr'><strong>in</strong></span> <span class='ocrx_word' id='word_1_60' title='bbox 781 2693 992 2767; x_wconf 80' lang='lat' dir='ltr'><strong>lorica3</strong></span> 
     </span>
    </p>

    <p class='ocr_par' dir='ltr' id='par_1_9' title="bbox 498 2792 1151 2968">
     <span class='ocr_line' id='line_1_22' title="bbox 498 2792 1151 2879; baseline -0.006 -19"><span class='ocrx_word' id='word_1_61' title='bbox 498 2804 639 2860; x_wconf 89' lang='lat' dir='ltr'><strong>tuus</strong></span> <span class='ocrx_word' id='word_1_62' title='bbox 683 2803 778 2859; x_wconf 88' lang='lat' dir='ltr'><strong>est</strong></span> <span class='ocrx_word' id='word_1_63' title='bbox 817 2798 878 2857; x_wconf 91' lang='lat' dir='ltr'><strong>in</strong></span> <span class='ocrx_word' id='word_1_64' title='bbox 923 2792 1113 2879; x_wconf 66' lang='lat' dir='ltr'><strong>prelio</strong></span> <span class='ocrx_word' id='word_1_65' title='bbox 1134 2841 1151 2867; x_wconf 95' lang='lat'><strong>,</strong></span> 
     </span>
     <span class='ocr_line' id='line_1_23' title="bbox 500 2897 1062 2968; baseline -0.005 -8"><span class='ocrx_word' id='word_1_66' title='bbox 500 2915 673 2960; x_wconf 88' lang='lat' dir='ltr'><strong>meus</strong></span> <span class='ocrx_word' id='word_1_67' title='bbox 716 2900 777 2958; x_wconf 88' lang='lat' dir='ltr'><strong>in</strong></span> <span class='ocrx_word' id='word_1_68' title='bbox 819 2897 1062 2968; x_wconf 79' lang='lat' dir='ltr'><strong>lectica,</strong></span> 
     </span>
    </p>

    <p class='ocr_par' dir='ltr' id='par_1_10' title="bbox 498 2998 1306 3366">
     <span class='ocr_line' id='line_1_24' title="bbox 498 2998 1167 3087; baseline -0.006 -25"><span class='ocrx_word' id='word_1_69' title='bbox 498 2998 599 3062; x_wconf 84' lang='lat' dir='ltr'><strong>uhi</strong></span> <span class='ocrx_word' id='word_1_70' title='bbox 641 2999 796 3060; x_wconf 78' lang='lat' dir='ltr'><strong>iacta</strong></span> <span class='ocrx_word' id='word_1_71' title='bbox 837 2999 1167 3087; x_wconf 81' lang='lat' dir='ltr'><strong>principum</strong></span> 
     </span>
     <span class='ocr_line' id='line_1_25' title="bbox 501 3101 1028 3179; baseline -0.006 -14"><span class='ocrx_word' id='word_1_72' title='bbox 501 3102 711 3165; x_wconf 82' lang='lat' dir='ltr'><strong>recolit</strong></span> <span class='ocrx_word' id='word_1_73' title='bbox 753 3101 992 3179; x_wconf 75' lang='lat' dir='ltr'><strong>antiqua</strong></span> <span class='ocrx_word' id='word_1_74' title='bbox 1011 3146 1028 3172; x_wconf 92' lang='lat'><strong><em>‚</em></strong></span> 
     </span>
     <span class='ocr_line' id='line_1_26' title="bbox 504 3202 1306 3285; baseline -0.002 -21"><span class='ocrx_word' id='word_1_75' title='bbox 504 3203 739 3276; x_wconf 80' lang='lat' dir='ltr'><strong>scribit,</strong></span> <span class='ocrx_word' id='word_1_76' title='bbox 785 3204 1010 3285; x_wconf 66' lang='lat' dir='ltr'><strong>querit,</strong></span> <span class='ocrx_word' id='word_1_77' title='bbox 1055 3202 1306 3279; x_wconf 65' lang='lat' dir='ltr'><strong>cogitet,</strong></span> 
     </span>
     <span class='ocr_line' id='line_1_27' title="bbox 502 3304 1062 3366; baseline 0 -2"><span class='ocrx_word' id='word_1_78' title='bbox 502 3308 694 3366; x_wconf 89' lang='lat' dir='ltr'><strong>totum</strong></span> <span class='ocrx_word' id='word_1_79' title='bbox 737 3304 811 3366; x_wconf 90' lang='lat' dir='ltr'><strong>de</strong></span> <span class='ocrx_word' id='word_1_80' title='bbox 858 3304 1062 3366; x_wconf 70' lang='lat' dir='ltr'><strong>annea.</strong></span> 
     </span>
    </p>
   </div>
   <div class='ocr_carea' id='block_1_8' title="bbox 1018 3466 1103 3518">
    <p class='ocr_par' dir='ltr' id='par_1_11' title="bbox 1018 3466 1103 3518">
     <span class='ocr_line' id='line_1_28' title="bbox 1018 3466 1103 3518; baseline 0.012 -1"><span class='ocrx_word' id='word_1_81' title='bbox 1018 3466 1103 3518; x_wconf 86' lang='grc'><strong>41.</strong></span> 
     </span>
    </p>
   </div>
   <div class='ocr_carea' id='block_1_9' title="bbox 388 3554 1129 3645">
    <p class='ocr_par' dir='ltr' id='par_1_12' title="bbox 388 3554 1129 3645">
     <span class='ocr_line' id='line_1_29' title="bbox 388 3554 1129 3645; baseline -0.007 -13"><span class='ocrx_word' id='word_1_82' title='bbox 388 3586 391 3588; x_wconf 67' lang='grc'><strong>’</strong></span> <span class='ocrx_word' id='word_1_83' title='bbox 503 3554 663 3645; x_wconf 84' lang='lat' dir='ltr'><strong>Quid</strong></span> <span class='ocrx_word' id='word_1_84' title='bbox 704 3567 895 3630; x_wconf 89' lang='lat' dir='ltr'><strong>Dione</strong></span> <span class='ocrx_word' id='word_1_85' title='bbox 937 3566 1129 3630; x_wconf 77' lang='lat' dir='ltr'><strong>valeat</strong></span> 
     </span>
    </p>
   </div>
   <div class='ocr_carea' id='block_1_10' title="bbox 501 3668 1221 3946">
    <p class='ocr_par' dir='ltr' id='par_1_13' title="bbox 501 3668 1221 3946">
     <span class='ocr_line' id='line_1_30' title="bbox 503 3668 1051 3741; baseline -0.005 -8"><span class='ocrx_word' id='word_1_86' title='bbox 503 3676 565 3733; x_wconf 91' lang='lat' dir='ltr'><strong>et</strong></span> <span class='ocrx_word' id='word_1_87' title='bbox 606 3669 823 3733; x_wconf 79' lang='lat' dir='ltr'><strong>amoris</strong></span> <span class='ocrx_word' id='word_1_88' title='bbox 868 3668 1015 3731; x_wconf 89' lang='lat' dir='ltr'><strong>deus</strong></span> <span class='ocrx_word' id='word_1_89' title='bbox 1034 3714 1051 3741; x_wconf 91' lang='lat'><strong><em>,</em></strong></span> 
     </span>
     <span class='ocr_line' id='line_1_31' title="bbox 501 3771 1221 3850; baseline 0 -17"><span class='ocrx_word' id='word_1_90' title='bbox 501 3772 693 3850; x_wconf 85' lang='lat' dir='ltr'><strong>primo</strong></span> <span class='ocrx_word' id='word_1_91' title='bbox 736 3772 901 3834; x_wconf 80' lang='lat' dir='ltr'><strong>novit</strong></span> <span class='ocrx_word' id='word_1_92' title='bbox 942 3771 1221 3847; x_wconf 56' lang='lat' dir='ltr'><strong>clericus⁴</strong></span> 
     </span>
     <span class='ocr_line' id='line_1_32' title="bbox 502 3874 1123 3946; baseline -0.002 -12"><span class='ocrx_word' id='word_1_93' title='bbox 502 3878 565 3934; x_wconf 92' lang='lat' dir='ltr'><strong>et</strong></span> <span class='ocrx_word' id='word_1_94' title='bbox 604 3874 877 3934; x_wconf 83' lang='lat' dir='ltr'><strong>instruxit</strong></span> <span class='ocrx_word' id='word_1_95' title='bbox 919 3890 1123 3946; x_wconf 88' lang='lat' dir='ltr'><strong>meus,</strong></span> 
     </span>
    </p>
   </div>
   <div class='ocr_carea' id='block_1_11' title="bbox 501 3973 1306 4155">
    <p class='ocr_par' dir='ltr' id='par_1_14' title="bbox 501 3973 1306 4155">
     <span class='ocr_line' id='line_1_33' title="bbox 501 3973 1306 4054; baseline 0.004 -18"><span class='ocrx_word' id='word_1_96' title='bbox 501 3973 692 4037; x_wconf 78' lang='lat' dir='ltr'><strong>factus</strong></span> <span class='ocrx_word' id='word_1_97' title='bbox 737 3981 831 4036; x_wconf 92' lang='lat' dir='ltr'><strong>est</strong></span> <span class='ocrx_word' id='word_1_98' title='bbox 874 3992 983 4054; x_wconf 86' lang='lat' dir='ltr'><strong>per</strong></span> <span class='ocrx_word' id='word_1_99' title='bbox 1023 3975 1306 4042; x_wconf 86' lang='lat' dir='ltr'><strong>clericum</strong></span> 
     </span>
     <span class='ocr_line' id='line_1_34' title="bbox 501 4076 1101 4155; baseline 0.003 -18"><span class='ocrx_word' id='word_1_100' title='bbox 501 4076 674 4138; x_wconf 90' lang='lat' dir='ltr'><strong>miles</strong></span> <span class='ocrx_word' id='word_1_101' title='bbox 717 4077 1101 4155; x_wconf 89' lang='lat' dir='ltr'><strong>‘Cythereus’.</strong></span> 
     </span>
    </p>
   </div>
   <div class='ocr_carea' id='block_1_12' title="bbox 500 4157 1344 4259">
    <p class='ocr_par' dir='ltr' id='par_1_15' title="bbox 500 4157 1344 4259">
     <span class='ocr_line' id='line_1_35' title="bbox 500 4157 1344 4259; baseline 0.002 -19"><span class='ocrx_word' id='word_1_102' title='bbox 500 4178 609 4240; x_wconf 85' lang='lat' dir='ltr'><strong>Est</strong></span> <span class='ocrx_word' id='word_1_103' title='bbox 651 4196 888 4259; x_wconf 81' lang='lat' dir='ltr'><strong>semper</strong></span> <span class='ocrx_word' id='word_1_104' title='bbox 930 4180 1268 4243; x_wconf 88' lang='lat' dir='ltr'><strong>huiusmodi</strong></span> <span class='ocrx_word' id='word_1_105' title='bbox 1304 4157 1307 4158; x_wconf 29' lang='lat'><em>⁷</em></span> <span class='ocrx_word' id='word_1_106' title='bbox 1340 4174 1344 4178; x_wconf 74' lang='grc'>’</span> 
     </span>
    </p>
   </div>
   <div class='ocr_carea' id='block_1_13' title="bbox 500 4283 1081 4346">
    <p class='ocr_par' dir='ltr' id='par_1_16' title="bbox 500 4283 1081 4346">
     <span class='ocr_line' id='line_1_36' title="bbox 500 4283 1081 4346; baseline 0 -3"><span class='ocrx_word' id='word_1_107' title='bbox 500 4283 641 4343; x_wconf 81' lang='lat' dir='ltr'><strong>tuus</strong></span> <span class='ocrx_word' id='word_1_108' title='bbox 683 4298 881 4345; x_wconf 88' lang='lat' dir='ltr'><strong>sermo</strong></span> <span class='ocrx_word' id='word_1_109' title='bbox 925 4298 1081 4346; x_wconf 87' lang='lat' dir='ltr'><strong>reus.</strong></span> 
     </span>
    </p>
   </div>
   <div class='ocr_carea' id='block_1_14' title="bbox 1596 337 1720 409">
    <p class='ocr_par' dir='ltr' id='par_1_17' title="bbox 1596 337 1720 409">
     <span class='ocr_line' id='line_1_37' title="bbox 1596 337 1720 409; baseline 0.016 -1"><span class='ocrx_word' id='word_1_110' title='bbox 1596 337 1720 409; x_wconf 87' lang='grc'><strong>160</strong></span> 
     </span>
    </p>
   </div>
   <div class='ocr_carea' id='block_1_15' title="bbox 1673 515 2550 1410">
    <p class='ocr_par' dir='ltr' id='par_1_18' title="bbox 1673 515 2550 1410">
     <span class='ocr_line' id='line_1_38' title="bbox 2197 515 2281 566; baseline -0.012 0"><span class='ocrx_word' id='word_1_111' title='bbox 2197 515 2281 566; x_wconf 84' lang='grc'><strong>42.</strong></span> 
     </span>
     <span class='ocr_line' id='line_1_39' title="bbox 1673 607 2349 700; baseline -0.003 -22"><span class='ocrx_word' id='word_1_112' title='bbox 1673 607 1879 699; x_wconf 89' lang='lat' dir='ltr'><strong>Liquit</strong></span> <span class='ocrx_word' id='word_1_113' title='bbox 1917 616 2090 681; x_wconf 76' lang='lat' dir='ltr'><strong>Flora</strong></span> <span class='ocrx_word' id='word_1_114' title='bbox 2124 617 2349 700; x_wconf 78' lang='lat' dir='ltr'><strong>pariter</strong></span> 
     </span>
     <span class='ocr_line' id='line_1_40' title="bbox 1677 726 2365 790; baseline -0.003 -7"><span class='ocrx_word' id='word_1_115' title='bbox 1677 737 1887 783; x_wconf 83' lang='lat' dir='ltr'><strong>vocem</strong></span> <span class='ocrx_word' id='word_1_116' title='bbox 1931 727 1993 782; x_wconf 88' lang='lat' dir='ltr'><strong>et</strong></span> <span class='ocrx_word' id='word_1_117' title='bbox 2034 726 2365 790; x_wconf 79' lang='lat' dir='ltr'><strong>certamen,</strong></span> 
     </span>
     <span class='ocr_line' id='line_1_41' title="bbox 1679 821 2239 901; baseline 0 -18"><span class='ocrx_word' id='word_1_118' title='bbox 1679 827 1741 883; x_wconf 92' lang='lat' dir='ltr'><strong>et</strong></span> <span class='ocrx_word' id='word_1_119' title='bbox 1783 821 1892 883; x_wconf 82' lang='lat' dir='ltr'><strong>sihi</strong></span> <span class='ocrx_word' id='word_1_120' title='bbox 1936 821 2239 901; x_wconf 79' lang='lat' dir='ltr'><strong>Cupidinis</strong></span> 
     </span>
     <span class='ocr_line' id='line_1_42' title="bbox 1679 924 2308 1003; baseline -0.003 -19"><span class='ocrx_word' id='word_1_121' title='bbox 1679 924 1858 1003; x_wconf 80' lang='lat' dir='ltr'><strong>exigit</strong></span> <span class='ocrx_word' id='word_1_122' title='bbox 1900 939 2162 984; x_wconf 77' lang='lat' dir='ltr'><strong>examen.</strong></span> <span class='ocrx_word' id='word_1_123' title='bbox 2305 996 2308 999; x_wconf 10' lang='grc' dir='ltr'><strong>Α</strong></span> 
     </span>
     <span class='ocr_line' id='line_1_43' title="bbox 1677 1023 2550 1104; baseline -0.001 -18"><span class='ocrx_word' id='word_1_124' title='bbox 1677 1023 1896 1104; x_wconf 79' lang='lat' dir='ltr'><strong>Phyllis</strong></span> <span class='ocrx_word' id='word_1_125' title='bbox 1938 1027 2193 1104; x_wconf 85' lang='lat' dir='ltr'><strong>primum</strong></span> <span class='ocrx_word' id='word_1_126' title='bbox 2235 1025 2550 1104; x_wconf 84' lang='lat' dir='ltr'><strong>obstrepit,</strong></span> 
     </span>
     <span class='ocr_line' id='line_1_44' title="bbox 1677 1128 2283 1205; baseline -0.002 -16"><span class='ocrx_word' id='word_1_127' title='bbox 1677 1128 2002 1205; x_wconf 75' lang='lat' dir='ltr'><strong>acquiescit</strong></span> <span class='ocrx_word' id='word_1_128' title='bbox 2043 1132 2283 1198; x_wconf 66' lang='lat' dir='ltr'><strong>tamem</strong></span> 
     </span>
     <span class='ocr_line' id='line_1_45' title="bbox 1677 1228 2332 1308; baseline 0 -18"><span class='ocrx_word' id='word_1_129' title='bbox 1677 1235 1768 1300; x_wconf 90' lang='lat' dir='ltr'><strong>et,</strong></span> <span class='ocrx_word' id='word_1_130' title='bbox 1812 1228 2059 1308; x_wconf 76' lang='lat' dir='ltr'><strong>probato</strong></span> <span class='ocrx_word' id='word_1_131' title='bbox 2102 1228 2296 1290; x_wconf 89' lang='lat' dir='ltr'><strong>iudice</strong></span> <span class='ocrx_word' id='word_1_132' title='bbox 2316 1275 2332 1300; x_wconf 94' lang='lat'>‚</span> 
     </span>
     <span class='ocr_line' id='line_1_46' title="bbox 1676 1329 2380 1410; baseline -0.001 -18"><span class='ocrx_word' id='word_1_133' title='bbox 1676 1329 1928 1393; x_wconf 86' lang='lat' dir='ltr'><strong>redeunt</strong></span> <span class='ocrx_word' id='word_1_134' title='bbox 1969 1348 2078 1410; x_wconf 87' lang='lat' dir='ltr'><strong>per</strong></span> <span class='ocrx_word' id='word_1_135' title='bbox 2119 1348 2380 1410; x_wconf 81' lang='lat' dir='ltr'><strong>gramen.</strong></span> 
     </span>
    </p>
   </div>
   <div class='ocr_carea' id='block_1_16' title="bbox 2196 1498 2281 1553">
    <p class='ocr_par' dir='ltr' id='par_1_19' title="bbox 2196 1498 2281 1553">
     <span class='ocr_line' id='line_1_47' title="bbox 2196 1498 2281 1553; baseline 0 -1"><span class='ocrx_word' id='word_1_136' title='bbox 2196 1498 2281 1553; x_wconf 83' lang='grc'><strong>43.</strong></span> 
     </span>
    </p>
   </div>
   <div class='ocr_carea' id='block_1_17' title="bbox 1672 1594 2486 2301">
    <p class='ocr_par' dir='ltr' id='par_1_20' title="bbox 1675 1594 2329 1683">
     <span class='ocr_line' id='line_1_48' title="bbox 1675 1594 2329 1683; baseline -0.002 -18"><span class='ocrx_word' id='word_1_137' title='bbox 1675 1594 1893 1667; x_wconf 84' lang='lat' dir='ltr'><strong>Totum</strong></span> <span class='ocrx_word' id='word_1_138' title='bbox 1934 1605 1997 1666; x_wconf 89' lang='lat' dir='ltr'><strong>in</strong></span> <span class='ocrx_word' id='word_1_139' title='bbox 2042 1601 2329 1683; x_wconf 83' lang='lat' dir='ltr'><strong>Cupidine</strong></span> 
     </span>
    </p>

    <p class='ocr_par' dir='ltr' id='par_1_21' title="bbox 1672 1706 2486 2301">
     <span class='ocr_line' id='line_1_49' title="bbox 1675 1706 2366 1777; baseline -0.001 -9"><span class='ocrx_word' id='word_1_140' title='bbox 1675 1712 1770 1768; x_wconf 90' lang='lat' dir='ltr'><strong>est</strong></span> <span class='ocrx_word' id='word_1_141' title='bbox 1810 1713 2112 1767; x_wconf 76' lang='lat' dir='ltr'><strong>certamen</strong></span> <span class='ocrx_word' id='word_1_142' title='bbox 2153 1706 2366 1777; x_wconf 86' lang='lat' dir='ltr'><strong>situm;</strong></span> 
     </span>
     <span class='ocr_line' id='line_1_50' title="bbox 1673 1806 2389 1871; baseline -0.001 -3"><span class='ocrx_word' id='word_1_143' title='bbox 1673 1825 1847 1869; x_wconf 91' lang='lat' dir='ltr'><strong>suum</strong></span> <span class='ocrx_word' id='word_1_144' title='bbox 1888 1806 2090 1869; x_wconf 88' lang='lat' dir='ltr'><strong>dicunt</strong></span> <span class='ocrx_word' id='word_1_145' title='bbox 2130 1806 2389 1871; x_wconf 90' lang='lat' dir='ltr'><strong>iudicem</strong></span> 
     </span>
     <span class='ocr_line' id='line_1_51' title="bbox 1672 1912 2313 1989; baseline 0 -18"><span class='ocrx_word' id='word_1_146' title='bbox 1672 1927 1880 1971; x_wconf 86' lang='lat' dir='ltr'><strong>verum</strong></span> <span class='ocrx_word' id='word_1_147' title='bbox 1923 1915 1985 1970; x_wconf 88' lang='lat' dir='ltr'><strong>et</strong></span> <span class='ocrx_word' id='word_1_148' title='bbox 2028 1912 2313 1989; x_wconf 87' lang='lat' dir='ltr'><strong>peritum,</strong></span> 
     </span>
     <span class='ocr_line' id='line_1_52' title="bbox 1677 2013 2272 2089; baseline 0.005 -18"><span class='ocrx_word' id='word_1_149' title='bbox 1677 2013 1814 2089; x_wconf 83' lang='lat' dir='ltr'><strong>quia</strong></span> <span class='ocrx_word' id='word_1_150' title='bbox 1855 2014 1999 2073; x_wconf 91' lang='lat' dir='ltr'><strong>iuris</strong></span> <span class='ocrx_word' id='word_1_151' title='bbox 2042 2015 2272 2074; x_wconf 84' lang='lat' dir='ltr'><strong>noverit</strong></span> 
     </span>
     <span class='ocr_line' id='line_1_53' title="bbox 1676 2115 2319 2194; baseline -0.005 -20"><span class='ocrx_word' id='word_1_152' title='bbox 1676 2115 1984 2194; x_wconf 89' lang='lat' dir='ltr'><strong>utriusque</strong></span> <span class='ocrx_word' id='word_1_153' title='bbox 2030 2116 2224 2181; x_wconf 87' lang='lat' dir='ltr'><strong>ritum.</strong></span> <span class='ocrx_word' id='word_1_154' title='bbox 2318 2168 2319 2171; x_wconf 74' lang='grc'>,</span> 
     </span>
     <span class='ocr_line' id='line_1_54' title="bbox 1674 2213 2486 2301; baseline 0.004 -26"><span class='ocrx_word' id='word_1_155' title='bbox 1674 2213 1915 2277; x_wconf 83' lang='lat' dir='ltr'><strong>lamiam</strong></span> <span class='ocrx_word' id='word_1_156' title='bbox 1957 2233 2095 2278; x_wconf 90' lang='lat' dir='ltr'><strong>sese</strong></span> <span class='ocrx_word' id='word_1_157' title='bbox 2138 2222 2486 2301; x_wconf 69' lang='lat' dir='ltr'><strong>preparant,</strong></span> 
     </span>
    </p>
   </div>
   <div class='ocr_carea' id='block_1_18' title="bbox 1569 2318 2248 2381">
    <p class='ocr_par' dir='ltr' id='par_1_22' title="bbox 1569 2318 2248 2381">
     <span class='ocr_line' id='line_1_55' title="bbox 1569 2318 2248 2381; baseline 0.004 -3"><span class='ocrx_word' id='word_1_158' title='bbox 1569 2335 1575 2339; x_wconf 53' lang='lat'><strong>⁴</strong></span> <span class='ocrx_word' id='word_1_159' title='bbox 1678 2325 1745 2379; x_wconf 92' lang='lat' dir='ltr'><strong>ut</strong></span> <span class='ocrx_word' id='word_1_160' title='bbox 1789 2325 1926 2380; x_wconf 78' lang='lat' dir='ltr'><strong>eant</strong></span> <span class='ocrx_word' id='word_1_161' title='bbox 1969 2318 2248 2381; x_wconf 83' lang='lat' dir='ltr'><strong>auditum.</strong></span> 
     </span>
    </p>
   </div>
   <div class='ocr_carea' id='block_1_19' title="bbox 2198 2488 2282 2541">
    <p class='ocr_par' dir='ltr' id='par_1_23' title="bbox 2198 2488 2282 2541">
     <span class='ocr_line' id='line_1_56' title="bbox 2198 2488 2282 2541; baseline 0.024 -2"><span class='ocrx_word' id='word_1_162' title='bbox 2198 2488 2282 2541; x_wconf 96' lang='grc'><strong>44.</strong></span> 
     </span>
    </p>
   </div>
   <div class='ocr_carea' id='block_1_20' title="bbox 1673 2579 2470 3391">
    <p class='ocr_par' dir='ltr' id='par_1_24' title="bbox 1676 2579 2343 2670">
     <span class='ocr_line' id='line_1_57' title="bbox 1676 2579 2343 2670; baseline 0 -18"><span class='ocrx_word' id='word_1_163' title='bbox 1676 2579 1815 2654; x_wconf 81' lang='lat' dir='ltr'><strong>Pari</strong></span> <span class='ocrx_word' id='word_1_164' title='bbox 1856 2590 2045 2655; x_wconf 80' lang='lat' dir='ltr'><strong>forma</strong></span> <span class='ocrx_word' id='word_1_165' title='bbox 2087 2594 2343 2670; x_wconf 85' lang='lat' dir='ltr'><strong>virgines</strong></span> 
     </span>
    </p>

    <p class='ocr_par' dir='ltr' id='par_1_25' title="bbox 1679 2694 2191 2773">
     <span class='ocr_line' id='line_1_58' title="bbox 1679 2694 2191 2773; baseline 0.002 -18"><span class='ocrx_word' id='word_1_166' title='bbox 1679 2700 1740 2755; x_wconf 92' lang='lat' dir='ltr'><strong>et</strong></span> <span class='ocrx_word' id='word_1_167' title='bbox 1783 2696 1907 2773; x_wconf 81' lang='lat' dir='ltr'><strong>pari</strong></span> <span class='ocrx_word' id='word_1_168' title='bbox 1952 2694 2152 2756; x_wconf 90' lang='lat' dir='ltr'><strong>colore</strong></span> <span class='ocrx_word' id='word_1_169' title='bbox 2175 2741 2191 2767; x_wconf 91' lang='lat'><strong>,</strong></span> 
     </span>
    </p>

    <p class='ocr_par' dir='ltr' id='par_1_26' title="bbox 1677 2796 2281 2874">
     <span class='ocr_line' id='line_1_59' title="bbox 1677 2796 2281 2874; baseline 0.003 -17"><span class='ocrx_word' id='word_1_170' title='bbox 1677 2798 1804 2874; x_wconf 83' lang='lat' dir='ltr'><strong>pari</strong></span> <span class='ocrx_word' id='word_1_171' title='bbox 1846 2802 1985 2858; x_wconf 85' lang='lat' dir='ltr'><strong>voto</strong></span> <span class='ocrx_word' id='word_1_172' title='bbox 2029 2796 2281 2859; x_wconf 81' lang='lat' dir='ltr'><strong>militant</strong></span> 
     </span>
    </p>

    <p class='ocr_par' dir='ltr' id='par_1_27' title="bbox 1677 2899 2207 2978">
     <span class='ocr_line' id='line_1_60' title="bbox 1677 2899 2207 2978; baseline 0.004 -20"><span class='ocrx_word' id='word_1_173' title='bbox 1677 2903 1740 2959; x_wconf 90' lang='lat' dir='ltr'><strong>et</strong></span> <span class='ocrx_word' id='word_1_174' title='bbox 1782 2900 1906 2975; x_wconf 82' lang='lat' dir='ltr'><strong>pari</strong></span> <span class='ocrx_word' id='word_1_175' title='bbox 1949 2899 2207 2978; x_wconf 90' lang='lat' dir='ltr'><strong>pudore,</strong></span> 
     </span>
    </p>

    <p class='ocr_par' dir='ltr' id='par_1_28' title="bbox 1675 2997 2423 3079">
     <span class='ocr_line' id='line_1_61' title="bbox 1675 2997 2423 3079; baseline 0.008 -20"><span class='ocrx_word' id='word_1_176' title='bbox 1675 2997 1894 3079; x_wconf 75' lang='lat' dir='ltr'><strong>Phyllis</strong></span> <span class='ocrx_word' id='word_1_177' title='bbox 1935 3010 2104 3063; x_wconf 87' lang='lat' dir='ltr'><strong>veste</strong></span> <span class='ocrx_word' id='word_1_178' title='bbox 2148 3002 2423 3073; x_wconf 81' lang='lat' dir='ltr'><strong>candida,</strong></span> 
     </span>
    </p>

    <p class='ocr_par' dir='ltr' id='par_1_29' title="bbox 1673 3093 2184 3175">
     <span class='ocr_line' id='line_1_62' title="bbox 1673 3093 2184 3175; baseline 0.006 -14"><span class='ocrx_word' id='word_1_179' title='bbox 1673 3101 1844 3163; x_wconf 83' lang='lat' dir='ltr'><strong>Flora</strong></span> <span class='ocrx_word' id='word_1_180' title='bbox 1884 3103 2145 3165; x_wconf 86' lang='lat' dir='ltr'><strong>bicolore</strong></span> <span class='ocrx_word' id='word_1_181' title='bbox 2159 3093 2184 3175; x_wconf 74' lang='lat' dir='ltr'><strong>;v</strong></span> 
     </span>
    </p>

    <p class='ocr_par' dir='ltr' id='par_1_30' title="bbox 1674 3192 2470 3391">
     <span class='ocr_line' id='line_1_63' title="bbox 1674 3192 2470 3285; baseline 0.005 -22"><span class='ocrx_word' id='word_1_182' title='bbox 1674 3192 1870 3265; x_wconf 84' lang='lat' dir='ltr'><strong>mulus</strong></span> <span class='ocrx_word' id='word_1_183' title='bbox 1912 3210 2118 3267; x_wconf 84' lang='lat' dir='ltr'><strong>vector</strong></span> <span class='ocrx_word' id='word_1_184' title='bbox 2158 3203 2437 3285; x_wconf 73' lang='lat' dir='ltr'><strong>Phyllidis</strong></span> <span class='ocrx_word' id='word_1_185' title='bbox 2452 3251 2470 3278; x_wconf 92' lang='lat'><strong><em>‚</em></strong></span> 
     </span>
     <span class='ocr_line' id='line_1_64' title="bbox 1681 3306 2434 3391; baseline 0.004 -27"><span class='ocrx_word' id='word_1_186' title='bbox 1681 3311 1809 3367; x_wconf 78' lang='lat' dir='ltr'><strong>erat</strong></span> <span class='ocrx_word' id='word_1_187' title='bbox 1851 3324 2041 3386; x_wconf 89' lang='lat' dir='ltr'><strong>equus</strong></span> <span class='ocrx_word' id='word_1_188' title='bbox 2081 3306 2271 3391; x_wconf 70' lang='lat' dir='ltr'><strong>Flore.</strong></span> <span class='ocrx_word' id='word_1_189' title='bbox 2426 3324 2434 3330; x_wconf 89' lang='lat'><em>·</em></span> 
     </span>
    </p>
   </div>
   <div class='ocr_carea' id='block_1_21' title="bbox 1676 3467 2477 4371">
    <p class='ocr_par' dir='ltr' id='par_1_31' title="bbox 1676 3467 2477 4371">
     <span class='ocr_line' id='line_1_65' title="bbox 1742 3467 2282 3521; baseline 0.002 -1"><span class='ocrx_word' id='word_1_190' title='bbox 1742 3517 1745 3520; x_wconf 76' lang='grc'><em>,</em></span> <span class='ocrx_word' id='word_1_191' title='bbox 1928 3495 1935 3500; x_wconf 84' lang='grc'><em>·</em></span> <span class='ocrx_word' id='word_1_192' title='bbox 2199 3467 2282 3521; x_wconf 78' lang='lat'><strong>45.</strong></span> 
     </span>
     <span class='ocr_line' id='line_1_66' title="bbox 1676 3561 2477 3653; baseline 0.004 -21"><span class='ocrx_word' id='word_1_193' title='bbox 1676 3561 1873 3635; x_wconf 86' lang='lat' dir='ltr'><strong>Mulus</strong></span> <span class='ocrx_word' id='word_1_194' title='bbox 1918 3570 2158 3652; x_wconf 87' lang='lat' dir='ltr'><strong>quidem</strong></span> <span class='ocrx_word' id='word_1_195' title='bbox 2199 3571 2477 3653; x_wconf 75' lang='lat' dir='ltr'><strong>Phyllidis</strong></span> 
     </span>
     <span class='ocr_line' id='line_1_67' title="bbox 1678 3676 2405 3752; baseline 0 -15"><span class='ocrx_word' id='word_1_196' title='bbox 1678 3676 1874 3752; x_wconf 87' lang='lat' dir='ltr'><strong>mulus</strong></span> <span class='ocrx_word' id='word_1_197' title='bbox 1917 3680 2044 3736; x_wconf 82' lang='lat' dir='ltr'><strong>erat</strong></span> <span class='ocrx_word' id='word_1_198' title='bbox 2086 3693 2239 3739; x_wconf 89' lang='lat' dir='ltr'><strong>unus</strong></span> <span class='ocrx_word' id='word_1_199' title='bbox 2253 3721 2271 3747; x_wconf 87' lang='lat'>‚</span> <span class='ocrx_word' id='word_1_200' title='bbox 2402 3695 2405 3698; x_wconf 89' lang='lat'>·</span> 
     </span>
     <span class='ocr_line' id='line_1_68' title="bbox 1680 3777 2377 3856; baseline 0 -17"><span class='ocrx_word' id='word_1_201' title='bbox 1680 3794 1858 3856; x_wconf 86' lang='lat' dir='ltr'><strong>quem</strong></span> <span class='ocrx_word' id='word_1_202' title='bbox 1899 3778 2156 3849; x_wconf 81' lang='lat' dir='ltr'><strong>creavit,</strong></span> <span class='ocrx_word' id='word_1_203' title='bbox 2201 3777 2377 3850; x_wconf 79' lang='lat' dir='ltr'><strong>aluit,</strong></span> 
     </span>
     <span class='ocr_line' id='line_1_69' title="bbox 1678 3876 2287 3964; baseline 0.002 -25"><span class='ocrx_word' id='word_1_204' title='bbox 1678 3876 1906 3964; x_wconf 63' lang='lat' dir='ltr'><strong>demuit</strong></span> <span class='ocrx_word' id='word_1_205' title='bbox 1946 3877 2001 3938; x_wconf 93' lang='lat' dir='ltr'>N</span> <span class='ocrx_word' id='word_1_206' title='bbox 2001 3885 2287 3957; x_wconf 86' lang='lat' dir='ltr'><strong>eptunus;</strong></span> 
     </span>
     <span class='ocr_line' id='line_1_70' title="bbox 1676 3978 2470 4059; baseline -0.003 -17"><span class='ocrx_word' id='word_1_207' title='bbox 1676 3978 1827 4042; x_wconf 74' lang='lat' dir='ltr'><strong>hanc</strong></span> <span class='ocrx_word' id='word_1_208' title='bbox 1870 3985 2007 4059; x_wconf 84' lang='lat' dir='ltr'><strong>post</strong></span> <span class='ocrx_word' id='word_1_209' title='bbox 2047 3981 2173 4059; x_wconf 75' lang='lat' dir='ltr'><strong>apri</strong></span> <span class='ocrx_word' id='word_1_210' title='bbox 2218 3980 2439 4043; x_wconf 81' lang='lat' dir='ltr'><strong>rabiem</strong></span> <span class='ocrx_word' id='word_1_211' title='bbox 2453 4026 2470 4054; x_wconf 91' lang='lat'><strong>,</strong></span> 
     </span>
     <span class='ocr_line' id='line_1_71' title="bbox 1678 4079 2451 4160; baseline 0.004 -19"><span class='ocrx_word' id='word_1_212' title='bbox 1678 4088 1817 4160; x_wconf 84' lang='lat' dir='ltr'><strong>post</strong></span> <span class='ocrx_word' id='word_1_213' title='bbox 1856 4079 2081 4143; x_wconf 74' lang='lat' dir='ltr'><strong>AdonIs</strong></span> <span class='ocrx_word' id='word_1_214' title='bbox 2124 4082 2301 4144; x_wconf 78' lang='lat' dir='ltr'><strong>funus</strong></span> <span class='ocrx_word' id='word_1_215' title='bbox 2448 4079 2451 4082; x_wconf 73' lang='grc'>’</span> 
     </span>
     <span class='ocr_line' id='line_1_72' title="bbox 1678 4183 2243 4262; baseline 0.002 -18"><span class='ocrx_word' id='word_1_216' title='bbox 1678 4184 1838 4245; x_wconf 84' lang='lat' dir='ltr'><strong>misit</strong></span> <span class='ocrx_word' id='word_1_217' title='bbox 1880 4200 1987 4262; x_wconf 91' lang='lat' dir='ltr'><strong>pro</strong></span> <span class='ocrx_word' id='word_1_218' title='bbox 2034 4183 2243 4247; x_wconf 82' lang='lat' dir='ltr'><strong>solatio</strong></span> 
     </span>
     <span class='ocr_line' id='line_1_73' title="bbox 1681 4283 2250 4371; baseline 0.007 -26"><span class='ocrx_word' id='word_1_219' title='bbox 1681 4283 1974 4371; x_wconf 67' lang='lat' dir='ltr'><strong>Gythei-ee</strong></span> <span class='ocrx_word' id='word_1_220' title='bbox 2017 4305 2250 4351; x_wconf 88' lang='lat' dir='ltr'><strong>munus.</strong></span> 
     </span>
    </p>
   </div>
   <div class='ocr_carea' id='block_1_22' title="bbox 3152 4353 3155 4884">
    <p class='ocr_par' dir='ltr' id='par_1_32' title="bbox 3152 4353 3155 4884">
     <span class='ocr_line' id='line_1_74' title="bbox 3152 4353 3155 4884; baseline 0 0"><span class='ocrx_word' id='word_1_221' title='bbox 3152 4353 3155 4884; x_wconf 95' lang='lat' dir='ltr'><strong> </strong></span> 
     </span>
    </p>
   </div>
  </div>
 </body>
</html>
