3155 4946
845 539 895 591 5.

311 616 523 691 Deoua
565 628 633 690 N.

314 726 455 790 dum
497 730 623 791 sitis
664 730 935 809 insigne,

313 831 550 911 postulo
591 828 858 910 suffragia

314 927 390 992 de
434 931 598 995 vobis
639 932 755 993 lam
799 929 994 1011 digne.

851 1047 902 1101 0.

312 1123 472 1216 Ergo
515 1141 774 1198 mentem
819 1136 1007 1216 eapite

310 1236 567 1298 similem
610 1234 881 1307 Martini,

1425 368 1502 435 51

1497 626 1758 689 vestibus
1794 624 2018 689 induite

1497 744 1715 806 eorpus
1755 728 2081 807 peregrini,

2033 842 2082 895 7.

1495 919 1580 993 Vt
1619 947 1726 992 vos
1769 928 1933 992 Deus
1976 929 2284 993 transierat

1489 1030 1566 1094 ad
1610 1048 1791 1109 regua
1836 1031 2108 1111 polorum
2126 1077 2143 1104 ,

1490 1134 1569 1194 ibi
1614 1130 1770 1194 dona
1817 1132 2080 1195 conferat

1490 1234 1658 1301 vohis
1700 1234 2021 1297 beatorum.

871 1938 916 1989 ¹.

311 2009 421 2108 Dru
462 2018 579 2101 xpi
620 2019 877 2094 Veritas,

312 2121 408 2186 die
455 2140 589 2185 cara
630 2126 835 2187 raritas
856 2169 873 2192 ‚

317 2223 414 2287 die
454 2242 581 2287 rara
624 2225 874 2298 Caritas,

312 2328 412 2388 ubi
455 2340 611 2388 nune
654 2325 919 2391 habitas?

312 2433 412 2491 aut
452 2429 513 2489 in
554 2427 702 2492 valle
721 2425 729 2431 ’
747 2428 1033 2502 visionis,

312 2536 415 2592 aut
454 2530 517 2590 iu
555 2530 770 2593 throno
811 2530 1126 2594 Pharaonis
1147 2577 1163 2603 ‚

310 2635 414 2693 aut
452 2630 514 2691 in
557 2631 673 2693 alto
716 2648 856 2693 eum
894 2632 1162 2706 Nerone,

314 2738 424 2793 aut
462 2732 526 2793 iu
572 2738 742 2796 antro
786 2751 923 2795 eum
966 2733 1268 2806 ffimone’,

313 2831 410 2893 rel
448 2811 511 2893 Iu
555 2833 789 2895 visdella
830 2835 1061 2914 scirpea

315 2933 455 2994 oum
496 2932 707 3012 Moyse
749 2933 1016 3013 plorante
1033 2979 1051 3007 ,

313 3033 411 3097 vel
451 3036 509 3095 in
557 3032 735 3095 domo
778 3035 1064 3098 Romulea

315 3153 454 3199 eum
495 3135 653 3198 bulla
696 3135 1083 3200 fulmiuaute‘?

858 3255 906 3307 2.

311 3328 484 3402 Bulla
528 3339 867 3401 fulminante

314 3440 425 3502 sub
465 3437 665 3501 iudice
707 3446 981 3512 tonante,

316 3558 421 3603 reo
467 3540 798 3622 appellante
813 3586 831 3613 ,

317 3643 611 3703 sententia
655 3648 928 3722 gravante

317 3741 545 3804 Veritas
588 3744 965 3823 opprimitur,

318 3843 652 3907 distrahitur
694 3851 756 3907 et
798 3846 1068 3910 venditur

1355 1671 1570 1743 XCIII.

1347 1823 1448 1872 (fol.
1479 1823 1582 1873 54.)

1499 2021 1718 2084 iustitia
1759 2025 2077 2100 prestante.

1495 2121 1619 2184 ltur
1660 2127 1719 2182 et
1761 2121 2080 2181 recurritur

1489 2222 1562 2286 ad
1608 2222 1878 2291 Curiam,
1922 2237 2037 2282 nec
2081 2228 2214 2283 ante
2255 2264 2266 2273 -

1489 2325 1646 2406 ‘quis
1691 2322 1848 2403 quid’
1893 2323 2281 2403 consequitur
2296 2368 2313 2393 ,

1491 2424 1726 2488 ‘donee’
1773 2423 2033 2488 exuitur

1493 2528 1740 2592 ‘ultimo’
1786 2524 2130 2608 quadrante.

2036 2640 2088 2696 3.

1494 2720 1830 2812 Respondit
1873 2729 2121 2791 Caritas:

1493 2835 1710 2905 homo,
1755 2830 1896 2913 quid
1943 2830 2167 2893 dubitas
2187 2876 2203 2903 ,

1498 2934 1643 3016 quid
1686 2952 1784 2996 me
1829 2932 2149 2996 sollicitas?

1495 3038 1630 3100 Nou
1673 3054 1808 3100 sum
1850 3034 2011 3117 quod
2052 3037 2235 3097 usitas

1497 3156 1614 3201 nee
1657 3141 1717 3201 in
1762 3156 1910 3202 euro
1952 3155 2066 3200 nee
2109 3139 2170 3199 in
2213 3142 2411 3200 austro
2429 3184 2445 3211 ,

1498 3256 1612 3301 neo
1655 3241 1716 3300 iu
1759 3238 1888 3300 foro
1928 3255 2042 3300 nee
2083 3238 2145 3299 iu
2189 3238 2480 3312 elaustro,

1496 3358 1615 3403 nee
1654 3341 1718 3401 iu
1761 3339 1940 3421 bysso
1985 3355 2098 3400 nee
2141 3340 2202 3398 in
2244 3340 2473 3403 cuculla
2494 3387 2511 3414 ,

1495 3459 1611 3503 nee
1654 3442 1716 3502 iu
1761 3439 1917 3501 bello
1959 3454 2073 3500 nee
2116 3440 2176 3499 iu
2222 3439 2391 3502 bulla.

1495 3542 1586 3605 De
1630 3540 1855 3609 iericho
1898 3558 2033 3603 sum
2075 3541 2350 3612 veniens,

1495 3644 1666 3723 ploro
1709 3660 1847 3704 eum
1890 3644 2156 3705 sauciato
2172 3686 2190 3713 ,

1499 3762 1678 3824 quem
1724 3742 1938 3823 duplex
1979 3741 2120 3805 Levi
2162 3746 2454 3810 transiens

1498 3863 1622 3907 nou
1664 3845 1847 3907 astitit
1887 3843 2141 3923 grabato.
