3155 4946
1413 358 1497 422 79

297 533 465 588 natus
509 527 638 589 alvo

296 634 492 688 tamen
536 628 697 688 salvo

301 729 539 798 matris,
583 730 781 807 pascis
826 730 906 791 tui
953 731 1071 791 oris

189 881 194 885 ,
295 836 355 890 et
398 831 640 894 amoris.

297 989 659 1082 laetabundi:

299 1117 438 1162 nam
483 1118 636 1181 quos
681 1102 880 1163 stravit

293 1217 529 1264 morsus
574 1204 781 1281 anguis
800 1245 816 1272 ,

291 1304 402 1365 hos
446 1305 665 1364 sanavit

258 1427 262 1431 ·
290 1410 427 1466 tuus
471 1405 709 1482 sanguis

289 1503 508 1567 munda

293 1606 487 1676 undd,

293 1712 355 1768 et
392 1705 640 1785 potavit.

292 1808 573 1867 recreavit

290 1908 479 1978 vivus,

293 2005 459 2071 divus

1478 530 1646 609 panis
1688 518 1799 590 iste
1819 575 1834 600 ‚

1478 648 1515 691 o
1559 638 1624 692 tu
1667 629 1863 692 Xriste
1882 676 1897 692 .

1477 750 1514 792 o
1557 732 1841 812 benigue,

1476 832 1649 910 digne

1475 933 1606 997 odis
1626 981 1642 1006 ‚

1474 1034 1684 1098 modis.

1475 1193 1801 1273 sitibundi,

1472 1311 1539 1367 ut
1579 1320 1691 1384 pax
1734 1303 1932 1374 detur,

1473 1404 1774 1467 osculetur

1471 1506 1679 1566 osculo
1722 1521 1820 1564 me
1864 1504 1983 1565 oris
2028 1507 2154 1577 sui,

1470 1624 1592 1690 que
1637 1605 1712 1667 de
1759 1605 1930 1684 eulpa
1974 1606 2133 1684 nigra
2177 1606 2260 1668 fui

1470 1724 1692 1787 sponsa
1735 1707 2008 1787 pulchra,
2053 1715 2118 1768 ut
2162 1707 2371 1769 dilecta

1472 1814 1532 1869 et
1576 1807 1837 1888 perfecta
1858 1851 1876 1878 ‚

1472 1907 1721 1987 simplex
1737 1955 1755 1981 ,
1799 1915 1961 1969 recta

1471 2012 1587 2071 sim
1618 2008 1692 2071 de
1722 2010 1891 2071 bonis
1920 2011 2065 2081 tuis,
2108 2028 2226 2093 que
2256 2018 2314 2072 te
2344 2011 2577 2091 placent

1366 2405 1521 2477 CCI.

1294 2531 1395 2579 (fot.
1425 2530 1501 2573 1⁰5
1528 2534 1599 2581 a.)

734 2581 772 2609 u·

832 2620 877 2669 1.

285 2710 489 2799 Pange
536 2736 649 2781 vox
662 2687 947 2782 ‘Aiionis'

290 2818 552 2878 nobilem
592 2819 883 2902 prelatum
929 2821 1003 2883 de
1048 2823 1198 2883 solio
1218 2867 1235 2893 ‚

293 2922 397 2998 qui
440 2918 651 2997 gaudet
692 2923 753 2981 in
796 2921 967 2984 donis
986 2968 1003 2994 ,

293 3025 357 3080 et
399 3026 564 3081 caret
603 3022 872 3083 vitiorum
914 3023 1090 3095 lolio;

290 3126 386 3182 est
420 3119 755 3197 jocundus,
801 3123 960 3207 letus
1004 3132 1069 3186 et
1110 3124 1379 3195 affabilis,

288 3223 351 3282 in
394 3222 689 3301 promisso
732 3226 986 3298 stabilis,

290 3322 603 3401 providus,
646 3324 941 3404 prudens,
985 3326 1355 3389 honorabilis.

827 3454 876 3507 2.

294 3548 450 3620 Cum
492 3558 881 3643 architriclinio

293 3660 493 3721 dicere
535 3677 780 3739 possum
826 3661 954 3722 eius
998 3662 1285 3723 vultibus:

292 3768 357 3822 tu
402 3762 647 3825 servasti
691 3762 826 3824 vino

294 3863 473 3924 nobili
515 3862 692 3923 finem
737 3867 909 3941 atque
956 3860 1197 3941 dapibus
1215 3907 1232 3935 ,

294 3969 356 4024 et
396 3969 534 4042 post
576 3953 828 4041 primum
873 3980 994 4024 non
1040 3961 1207 4025 datur
1251 3963 1415 4025 dete·

1169 4067 1328 4136 rius;

294 4182 501 4226 verum
540 4166 753 4245 loquor
796 4168 1024 4227 verius:

292 4267 555 4329 funditur
596 4267 816 4328 bonum
860 4272 1033 4346 atque
1079 4266 1310 4327 melius.

2006 2618 2053 2668 3.

1470 2711 1577 2782 Ad
1620 2719 1833 2799 gradus
1876 2722 2153 2781 virtutum

1469 2838 1789 2901 properae,
1834 2827 1900 2880 ut
1941 2820 2034 2882 sol
2076 2818 2152 2880 ad
2193 2821 2553 2894 meridiem„

1469 2922 1832 3000 paupertatis
1873 2926 2083 2981 nutum

1469 3023 1737 3091 senties,
1770 3036 1990 3103 queres
2035 3021 2165 3081 eius
2209 3021 2437 3084 faciem.

1471 3121 1624 3194 Cur,
1666 3120 1900 3182 fortuna
1944 3120 2152 3191 vitrea,
2196 3123 2285 3182 sic
2330 3123 2532 3184 deficis
2551 3168 2568 3192 ,

1473 3239 1580 3283 cur
1623 3223 1741 3282 cito
1786 3238 1904 3282 uon
1949 3219 2166 3292 efficis,

1470 3321 1636 3401 quod
1678 3324 1754 3383 sit
1794 3322 1891 3383 hic
1929 3323 1992 3383 in
2035 3321 2173 3384 loco
2216 3322 2553 3403 pontificis?

2003 3541 2057 3591 4.

1467 3650 1595 3721 Sed
1639 3661 1690 3721 si
1732 3677 1852 3721 nou
1898 3664 1991 3720 est
2032 3659 2309 3737 princeps

1467 3760 1782 3844 cathedre,
1825 3759 2056 3822 seilicet
2097 3759 2327 3829 officio,

1466 3869 1533 3924 ut
1575 3862 1783 3923 Clerus
1831 3858 2113 3939 deinceps

1466 3959 1830 4033 ‘memoret’,
1875 3958 2113 4039 quando
2155 3960 2220 4021 fit
2264 3961 2500 4024 electio.

1468 4063 1572 4125 Est
1613 4069 1831 4124 statura
1877 4062 2092 4122 ceteris
2136 4050 2489 4145 prestantior
2504 4107 2520 4132 ‚

1470 4164 1633 4228 vultu
1676 4165 2028 4243 elegantior,

1469 4265 1729 4326 moribus
1773 4265 2003 4326 cunctis
2045 4263 2454 4336 honoramur,
