3155 4946
1560 272 1691 345 248

651 480 747 533 17.
792 461 925 533 Rex
966 475 1165 531 manet
1207 470 1475 548 incaptus
1520 467 1814 529 subtracta
1859 466 2105 545 coniuge
2150 462 2345 537 solus,

893 573 1141 651 coniuge
1185 571 1482 632 subtracta
1526 587 1629 631 rex
1672 572 1868 630 manet
1908 569 1968 628 in
2013 567 2225 628 tabula.

659 735 751 788 18.
798 716 1022 810 Sepias
1068 728 1163 784 est
1202 729 1420 784 mattus
1466 739 1774 784 servorum
1815 720 2048 781 turbine
2091 727 2326 799 septus,

890 833 953 889 et
994 831 1244 887 mettum
1285 823 1525 909 suffert,
1568 826 1644 889 εἰ.
1662 825 1755 886 via
1795 821 1955 883 nulla
1996 827 2187 902 patet,

658 990 752 1042 19.
797 971 1004 1042 Omnis
1047 980 1209 1041 enim
1252 984 1501 1039 mettum
1543 978 1789 1048 clamat,
1832 982 2081 1038 matium
2123 975 2264 1048 sihi,
2306 981 2590 1039 muttum!

894 1080 995 1143 Sic
1037 1096 1274 1159 quoque
1317 1078 1549 1140 ludatur
1576 1078 1820 1151 denuo,
1863 1080 1916 1139 si
1957 1079 2205 1159 placeat.

1398 1316 1869 1347 ..μ-*-

1553 1497 1715 1571 187.

1521 1624 1624 1677 (tel.
1651 1623 1748 1676 0³.)

798 1739 1032 1830 Sperne
1075 1750 1332 1823 lucrum,
1375 1756 1574 1839 νει-591
1620 1757 1853 1830 mentes
1895 1752 2101 1812 insana
2145 1746 2382 1829 cupido.

797 1850 1023 1913 Fraude
1065 1851 1299 1913 ‘curete'
1344 1868 1582 1932 graves,
1623 1853 1809 1931 ignari
1849 1851 2044 1913 cedite
2085 1850 2333 1912 ‘doctis’.

801 1951 1014 2014 Lusuri
1054 1968 1360 2023 nummos,
1404 1955 1630 2013 animos
1675 1969 1911 2031 quoque
1955 1969 2178 2030 ponere
2222 1949 2458 2012 debent.

798 2038 1172 2113 Irasci'vites
1192 2097 1210 2124 ,
1250 2054 1492 2114 minime
1535 2053 1765 2134 placet,
1808 2055 2027 2132 optime
2070 2051 2269 2113 frater.

717 2159 752 2213 5
795 2149 1006 2213 Ludite
1048 2154 1244 2213 securi
1287 2155 1497 2232 quibus
1542 2171 1613 2238 es
1657 2161 1750 2216 est
1790 2169 2028 2233 semper
2069 2154 2131 2214 in
2173 2171 2326 2215 arca.

800 2252 998 2331 Siquis
1042 2252 1250 2315 ‘habet’
1292 2272 1567 2317 nummos
1610 2256 1888 2327 veniens,
1933 2254 2109 2316 exibit
2148 2255 2356 2316 inanis.
2455 2316 2462 2321 .

801 2349 1012 2414 Lusori
1054 2353 1268 2434 cupido
1310 2371 1550 2435 semper
1591 2357 1780 2435 gravis
1824 2356 2014 2417 exitus
2055 2357 2254 2416 instat.

800 2454 1017 2524 Sancta
1057 2455 1257 2534 probis
1299 2475 1409 2536 pax
1453 2464 1576 2530 est,
1622 2457 1797 2519 irasci
1838 2454 2042 2518 desine
2087 2458 2296 2518 victus.

801 2555 1008 2617 Nullus
1051 2558 1268 2637 ubique
1310 2564 1507 2637 potest
1548 2556 1710 2620 felici
1751 2556 1957 2619 ludere
2003 2556 2223 2619 dextra.

682 2665 756 2719 10
803 2655 1006 2718 ‘lrrito’
1046 2657 1250 2719 Furias
1273 2705 1290 2731 ,
1334 2677 1446 2739 ego
1489 2677 1624 2722 sum
1667 2660 1854 2721 tribus
1897 2658 2092 2721 addita
2134 2666 2357 2738 quarta.

798 2757 998 2820 Flecte
1041 2766 1239 2821 truces
1284 2761 1541 2833 animos,
1583 2767 1652 2823 ut
1692 2778 1835 2823 vere
1877 2760 2083 2822 ludere
2125 2763 2337 2839 possis.

807 2858 1011 2923 Ponite
1056 2869 1283 2923 mature
1324 2861 1574 2935 bellum,
1621 2879 1865 2942 precor,
1907 2864 2115 2943 unque
2158 2870 2374 2926 cesset.

1564 3262 1726 3357 sss.

1526 3411 1633 3462 (ἰοὶ.
1658 3409 1758 3464 93.)

1298 3540 1474 3607 Incipit
1509 3544 1736 3596 officium*
1754 3546 1996 3602 lusorum.

514 3679 568 3733 1.
609 3658 896 3732 Luscinus
939 3691 1144 3735 omnes
1189 3678 1249 3736 in
1291 3677 1512 3750 Decio,
1571 3679 1731 3742 diem
1775 3682 2001 3746 ,festum
2063 3682 2468 3761 deploranteS,
2526 3705 2635 3765 pro
2680 3686 2786 3748 do-

674 3772 798 3832 lore
855 3777 1114 3835 omnium
1174 3777 1468 3850 lusorum,
1524 3780 1614 3859 de‘
1662 3801 1912 3859 quorum
1963 3785 2224 3846 nuditate
2284 3776 2538 3866 gaudent
2594 3788 2783 3862 Decii,

675 3878 734 3932 et
778 3874 1105 3936 collhudant
1145 3878 1330 3938 filium
1372 3879 1569 3942 Bachi.

517 3991 748 4053 Versus.

606 4082 959 4154 Maledicant
986 4094 1167 4157 Decio
1199 4103 1255 4159 in
1289 4104 1447 4162 omni
1478 4112 1764 4183 tempore,
1797 4125 2032 4186 semper
2060 4109 2217 4169 fraus
2249 4113 2377 4172 eius
2410 4112 2470 4172 in
2500 4128 2602 4171 ore
2626 4128 2783 4171 meo.

607 4183 788 4254 Fraus
834 4196 1013 4256 vobis.
1114 4191 1242 4261 Tibi
1287 4203 1580 4266 leccatori.
