3155 4946
516 494 691 581 Lullia
733 494 982 557 rotunda

514 602 692 673 atque
737 593 1090 665 rubicunda;

514 695 630 758 albi
672 694 884 757 dentes

514 802 652 858 suut
692 797 984 867 nitentem

511 884 585 958 in'
617 913 894 958 sermone
922 894 1124 977 ‚leuta3

514 998 693 1081 louge
735 1013 946 1059 manus
962 1042 978 1068 ‚
1021 995 1266 1075 longum
1308 994 1463 1057 latus
1477 1041 1492 1066 ,

516 1103 718 1177 guttur
759 1103 822 1158 et
862 1103 1022 1158 totus
1066 1102 1308 1158 ornatus

517 1205 612 1261 est
655 1216 792 1260 cum
834 1197 1135 1289 diligentia

519 1297 713 1360 diviua
756 1298 1102 1376 conpilatus.

515 1489 774 1562 Ardor-is
818 1502 947 1560 scin
1047 1413 1102 1466 δ’

517 1599 798 1662 devolans
842 1599 914 1660 ab
955 1598 1054 1660 illa
1071 1643 1088 1669 ,

521 2125 689 2196 Lveis
730 2144 862 2199 orto
905 2057 1113 2202 sidere·

522 2238 640 2300 exit
681 2240 847 2317 virgo
892 2259 1151 2320 propere

523 2337 674 2399 faeie
717 2340 939 2402 vernali

526 2457 670 2501 oves
710 2442 875 2504 iussa
917 2460 1126 2522 regere

524 2541 734 2603 haculo
778 2544 1075 2622 pastorali.

1062 2677 1108 2728 2.

527 2767 639 2837 Sol
682 2775 994 2840 effundens
1038 2777 1268 2841 radium

528 2877 629 2939 dat
669 2877 928 2940 calorem
970 2881 1234 2941 nimium.

529 2978 709 3058 Virgo
755 2983 1026 3060 speciosa

529 3078 720 3140 solem
761 3081 939 3142 ‘vitat’
980 3084 1218 3144 noxium

529 3180 638 3241 sub
682 3182 890 3242 arbore
933 3181 1232 3245 frondosa.

1061 3315 1109 3367 3.

529 3377 690 3478 bum
731 3417 990 3496 procedo
1034 3418 1337 3497 paululum
1352 3464 1368 3491 ‚

529 3520 730 3601 lingue
775 3518 940 3579 solvo
982 3518 1311 3581 vinculum:

531 3619 690 3680 salve
735 3620 900 3702 regie
943 3617 1146 3698 digna,

531 3716 667 3779 audi
710 3735 899 3801 queso
943 3719 1240 3781 servulum
1261 3765 1274 3779 .

534 3824 665 3878 esto
709 3818 850 3878 mihi
890 3818 1174 3896 benigna!

1071 3953 1122 4000 4.

535 4038 707 4113 “Cur
750 4052 967 4113 salutas
1009 4056 1326 4132 virginem,
1422 4080 1425 4082 ·

535 4171 653 4230 que
699 4172 816 4213 non
862 4156 1024 4214 novit
1067 4156 1396 4226 hominem,

1598 321 1718 389 194

1694 509 1870 570 quam
1914 508 2020 574 pre
2066 493 2204 552 totis

1693 611 1827 654 amo
1870 595 2027 653 notis
2045 637 2060 661 ‚

1694 712 1798 754 eor
1838 710 2039 754 meum
2081 692 2312 769 ignivit,

1693 794 1854 874 quod
1897 811 2002 854 eor
2043 793 2108 853 nt
2150 790 2357 853 favilla.

1691 897 1941 957 Veneris
1986 893 2194 955 ancilla

1692 999 1742 1057 si
1785 1014 1904 1057 uon
1948 1001 2115 1056 curat
2130 1039 2145 1063 ‚

1692 1097 1866 1159 ardor
1907 1096 2110 1172 durat,

1693 1200 1943 1258 moritur
1986 1199 2087 1274 qui
2127 1198 2287 1257 vivit.

1692 1298 1847 1375 Ergo
1889 1297 1983 1359 fac
1999 1343 2015 1369 ‚
2056 1297 2309 1374 benigna
2350 1295 2598 1374 Phyllis,

1695 1404 1761 1467 ut
1800 1397 2086 1459 iocundar
2126 1401 2189 1459 in
2230 1397 2555 1475 tranquillis
2572 1445 2588 1465 ‚

1695 1499 1836 1561 dum
1880 1517 1949 1560 os
1993 1501 2082 1560 ori
2123 1502 2386 1578 iungitur

1696 1608 1759 1662 et
1802 1609 2046 1681 pectora
2088 1599 2379 1662 mamillis.

1594 1871 1757 1944 119.

1544 1984 1641 2035 (rol.
1666 1984 1719 2026 6ss
1740 1984 1803 2031 b.)

1701 2161 1772 2204 ex
1814 2160 1932 2219 quo
1975 2141 2086 2204 fuit
2128 2146 2291 2211 nata,

1702 2243 1851 2304 sciat
1893 2241 2040 2302 deus
2061 2287 2076 2312 ,
2121 2242 2419 2302 neminem

1701 2345 1899 2404 inveni
1940 2361 2050 2422 per
2091 2343 2207 2426 hec
2249 2340 2470 2421 prata.''

2238 2459 2287 2510 5.

1705 2534 1882 2606 Forte
1925 2543 2104 2622 lupus
2148 2542 2379 2613 aderat,

1707 2666 1884 2728 quem
1927 2647 2113 2708 fames
2159 2647 2461 2725 expulerat

1708 2751 1958 2829 gutturis
2002 2751 2194 2819 avari;

1707 2869 1819 2911 ove
1863 2856 2026 2929 rapta
2069 2854 2345 2928 properat

1708 2955 1955 3031 cupiens
1999 2952 2268 3012 saturari.

2247 3067 2297 3118 fl.

1706 3144 1867 3215 Dum
1909 3153 2105 3233 puella
2149 3158 2452 3223 cerneret,
2501 3221 2508 3227 ,

1708 3255 1870 3335 quod
1912 3256 1998 3316 sic
2040 3272 2214 3316 ovem
2257 3253 2557 3332 perderet,

1708 3357 1883 3435 pleno
1930 3356 2143 3417 elamat
2185 3373 2321 3415 ore:

1708 3459 1796 3518 “si
1840 3459 1973 3535 quis
2017 3475 2193 3519 ovem
2236 3455 2538 3523 redderet,

1708 3576 1803 3619 me
1849 3558 2101 3635 gaudeat
2140 3558 2378 3620 uxore.’'

2242 3673 2293 3724 7.

1708 3750 1843 3821 Mox
1882 3765 1950 3820 ut
1992 3777 2202 3821 vocem
2246 3759 2448 3828 audio,

1708 3859 2003 3921 denudato
2046 3859 2238 3937 gladio

1707 3960 1879 4037 lupus
1923 3959 2289 4029 immolatur-3

1707 4063 1833 4122 ovis
1879 4061 1948 4121 ab
1993 4062 2170 4122 exitio

1706 4160 2009 4239 redempta
2057 4168 2403 4240 reportatur.

1801 4292 1918 4301 *-
