3155 4946
355 515 362 519 ’
479 518 601 613 Pte
644 526 849 591 dolore

480 649 657 695 verso
700 647 868 693 more

481 734 776 796 csntIcum
819 734 1102 795 conticuit
1117 780 1134 804 ,

482 834 564 897 nil
605 841 790 898 restat
833 836 947 897 nisi
990 833 1156 897 flere.

483 927 664 999 Sorte
708 934 835 998 dira

482 1037 704 1119 pendet
744 1054 921 1118 pyra,

480 1146 706 1202 structa
745 1138 900 1212 luet;
945 1140 1204 1219 Atropos

483 1240 647 1303 filum
691 1242 944 1303 cessavit
985 1258 1149 1303 nere.

1012 1373 1064 1425 8.

483 1469 583 1540 Me
626 1479 846 1558 mergis
890 1478 985 1540 bic
1002 1524 1020 1549 ,

485 1598 626 1642 cum
669 1580 753 1643 sis
792 1580 915 1642 illic
932 1625 950 1652 ‚

483 1680 745 1744 notando
789 1683 878 1744 sic

437 1828 440 1833 -
484 1801 604 1844 non
650 1783 835 1845 stabis
877 1783 973 1845 bic
996 1830 1015 1855 ,

483 1881 594 1945 sed
635 1882 861 1945 lubrica

486 1985 754 2065 contagia

483 2089 545 2146 te
589 2084 811 2165 gaudes
850 2087 1169 2157 insectari;

489 2186 878 2264 prostibulum

485 2286 745 2364 patibulo

484 2385 599 2446 iam
644 2388 860 2448 meruit
900 2389 1060 2468 piari.

488 2476 617 2558 En,
662 2504 768 2548 oro
811 2493 872 2549 te
915 2506 1166 2570 superos
1186 2535 1205 2561 ,

488 2587 589 2648 tibi
631 2604 792 2649 ames
837 2588 1154 2662 obnoxios3

488 2686 731 2749 reclude
774 2692 1125 2753 secretarios
1144 2738 1161 2763 ,

494 2804 648 2866 qnos
692 2787 772 2848 nil
815 2789 971 2850 iuvat
1015 2793 1211 2864 amari.

492 3014 562 3085 Si
602 3024 928 3103 letbargum
969 3028 1087 3109 vite

489 3126 823 3188 insectabor
861 3126 1000 3197 lite,

492 3227 643 3292 hanc
685 3227 831 3290 colis
873 3229 982 3289 rite
998 3275 1015 3301 ,

492 3333 551 3388 et
594 3344 708 3406 ego
749 3336 809 3390 te

491 3430 550 3488 in
593 3427 1038 3507 soliloquiorum

493 3530 749 3591 carmine
795 3531 1105 3604 canebam,

488 3636 551 3690 te
594 3647 772 3692 unam
816 3632 1142 3711 sapiebam,

468 3725 670 3810 ‘idque
713 3733 932 3793 iustum
973 3734 1174 3809 rebar;

491 3830 599 3892 sed
642 3831 782 3893 nihil
828 3833 994 3896 audis
1038 3835 1266 3898 horum.

1011 3969 1089 4023 10.

453 4153 458 4156 -
490 4060 632 4131 Mihi
675 4078 733 4131 te
776 4069 1159 4165 subdideras,

492 4179 553 4232 et
595 4189 795 4235 amore
837 4173 1108 4235 iunxeras

490 4274 739 4338 fallentis
783 4279 899 4358 vite
942 4278 1214 4350 semitas,

1588 357 1710 428 120

1663 536 1728 591 et
1769 537 1829 592 te
1872 531 1950 592 ita
1996 530 2407 601 subvenetus,

1665 638 1758 704 ut,
1803 629 2089 693 redimam
2131 649 2228 691 me
2272 634 2500 693 vivere!

1662 739 2119 812 presumptuosa
2159 740 2387 795 temere

1664 852 1897 897 amores
1940 836 1994 896 vi
2037 842 2456 914 transponeres
2474 880 2491 906 ‚
2626 874 2649 893 ,2

1664 942 1730 997 ut
1771 953 1878 997 cor
1921 953 2121 996 meum
2164 943 2525 998 contereres.
2576 970 2585 979 -
2642 992 2657 1003 .

2195 1051 2277 1106 11.

1665 1126 1871 1216 Vsque
1918 1154 2038 1216 quo
2081 1143 2139 1198 te
2185 1138 2509 1218 perferam,

1668 1255 1842 1319 quarn
1874 1237 2103 1317 'premit
2145 1240 2458 1322 emulatio,

1668 1346 1732 1401 ut
1776 1337 1915 1419 quid
1958 1340 2082 1419 agis
2127 1358 2470 1420 perperam,
2578 1378 2587 1387 ·

1665 1458 1703 1501 o
1747 1438 1872 1502 dira
1914 1440 2243 1514 simulatio,

1664 1557 1735 1602 ex
1776 1539 2076 1604 fraudibus
2119 1542 2356 1605 alterius

1664 1649 1726 1703 et
1766 1644 2082 1723 ignominia

1661 1762 1770 1805 cur
1810 1745 2006 1829 emula
2047 1746 2351 1824 superbis,

1661 1832 1882 1908 bifrons
1926 1845 2219 1927 ingloria?

1662 1946 1810 2009 Cum
1852 1945 2061 2031 federa
2104 1947 2389 2029 discerpis
2408 1992 2429 2019 ,

1661 2065 1699 2109 o
1743 2066 2000 2132 preceps
2042 2053 2262 2123 nimia,

1661 2156 1721 2209 te
1763 2148 2028 2212 funditus
2071 2153 2286 2214 evertis

1664 2266 1778 2310 ceu
1819 2247 2197 2314 Bacbanaria.

2193 2368 2272 2421 12.

1665 2440 1733 2513 Si
1774 2449 1927 2512 balbi
1971 2468 2134 2514 more
2178 2456 2400 2519 veritus

1663 2552 1742 2612 nil
1786 2554 1974 2614 ausim
2017 2554 2124 2615 fari
2167 2558 2435 2635 penitus,
2505 2551 2511 2555 ’

1665 2653 2001 2716 obnixeram
2044 2659 2354 2730 emeritus,

1664 2772 1843 2835 quem
1886 2763 2080 2837 captat
2121 2759 2216 2820 hic
2257 2762 2544 2824 interitus.

1665 2847 1719 2919 Ο
1765 2857 1972 2938 cypris
2016 2858 2195 2932 alma,
2240 2864 2522 2942 conspice

1662 2966 1765 3042 tue
1809 2960 2086 3022 clientem
2130 2980 2314 3046 opere
2331 3008 2348 3036 ‚

1663 3076 2001 3144 ponamque
2044 3063 2214 3127 nobis
2257 3069 2442 3127 exime
2464 3110 2483 3136 ‚

1666 3177 1845 3241 qnam
1887 3163 2140 3240 patimur
2180 3163 2438 3227 indebite
2458 3210 2476 3238 ‚

1663 3268 1725 3323 tu
1768 3260 2026 3324 Lamiam
2067 3266 2383 3346 interripe,

1666 3365 1911 3445 eiusque
1953 3368 2104 3429 rixas
2147 3371 2432 3449 opprime.

2180 3480 2266 3534 1³.

1666 3553 1899 3644 Cupido
1943 3576 2201 3631 mentem
2245 3573 2421 3651 girat,

1663 3664 1964 3745 telumque
2009 3673 2237 3734 minans
2283 3676 2496 3746 vibrat,

1660 3765 1925 3827 favonius
1968 3773 2201 3849 aspirat.

1662 3867 1879 3928 Nectar
1926 3886 2045 3947 quo
2090 3872 2288 3944 Venus
2329 3875 2490 3938 inflat

1611 4043 1616 4050 ο
1662 3966 1955 4031 ‘medullis
1996 3974 2056 4032 in
2098 3974 2365 4050 intimis’‚

1662 4077 1993 4147 pergratum
2036 4080 2129 4135 est
2169 4076 2227 4140 in
2271 4079 2534 4154 feminis,

1664 4196 1812 4258 quas
1856 4180 1955 4240 alit¹
1999 4179 2293 4244 affabilitas
2506 4250 2508 4252 ,

1664 4290 1840 4362 atque
1885 4280 2082 4345 cordis
2124 4285 2479 4364 simplicitas.
