3155 4946
1011 536 1058 589 Β.

473 630 829 704 susurrabat
870 640 1168 704 modicum

468 751 681 807 ventus
725 745 1139 822 tempestivus,

469 844 638 906 locus
684 849 809 906 erat
849 844 1018 906 viridi

473 948 735 1027 gramine
778 946 1057 1019 festivus,

471 1056 534 1110 et
574 1051 634 1109 in
676 1052 805 1127 ipso
851 1051 1110 1127 gramine

470 1150 765 1213 defluebat
810 1156 966 1216 rivus

468 1255 634 1316 vivus
678 1260 853 1334 atque
900 1258 1132 1335 garrulo
1197 1306 1198 1309 η

470 1371 771 1418 murmure
814 1357 1084 1430 lascivus.

1010 1528 1058 1579 7.

470 1614 571 1693 ‘Ut
613 1627 823 1709 puellis
867 1636 1080 1695 noceat

468 1733 629 1798 calor
671 1731 813 1793 solis
856 1734 1079 1806 minus,

466 1834 579 1897 fuit
616 1837 774 1895 iuxta
818 1834 1085 1898 rivulum’
1169 1870 1174 1875 ·

467 1936 726 2015 spatiosa
770 1936 943 2014 pinus

464 2042 774 2102 venustata
815 2036 1000 2113 foliis,
1143 2110 1146 2113 Α

464 2138 583 2202 late
628 2140 892 2219 pandens
935 2144 1131 2218 sinus;

337 2272 344 2277 ·
464 2258 579 2304 nec
619 2243 837 2331 intrare
881 2251 1114 2324 poterat

464 2342 645 2407 calor*
665 2347 1029 2426 peregrinus.
1151 2407 1156 2410 .

489 2564 497 2571 .
1002 2521 1053 2574 8.

463 2609 810 2683 Consedere
853 2593 1140 2703 virgines,

461 2720 642 2783 herba
685 2722 892 2784 sedem
935 2724 1116 2791 dedit..

459 2823 680 2903 Phyllis
723 2844 910 2906 prope
952 2828 1201 2891 rivulum
1217 2878 1231 2900 ,

459 2926 632 2989 Flora
675 2925 850 3006 longe
878 2916 1075 3003 ‚seditss

463 3035 524 3098 et
566 3028 709 3101 dum
752 3031 912 3111 sedit*
946 3039 1230 3119 utraque,
1320 3085 1324 3090 .

334 3162 338 3166 .
461 3146 531 3191 ac
572 3132 633 3191 in
677 3149 814 3194 sese
857 3134 1040 3206 redit,
1176 3138 1181 3142 ’

461 3249 627 3295 amor
669 3234 845 3307 corda
887 3236 1158 3324 vulnerat
1196 3300 1200 3303 ,

462 3339 523 3395 et
563 3340 872 3414 utramque
916 3336 1110 3421 ledit:

1002 3496 1082 3550 9.-

459 3577 658 3660 Amor
700 3602 794 3659 est
835 3600 1078 3660 interius

457 3699 647 3761 latens
692 3694 767 3760 et'
794 3693 1093 3772 occultus,
1174 3756 1178 3759 ,

460 3806 524 3862 et
565 3799 742 3861 corde
788 3801 1152 3862 certissimos
1203 3857 1206 3861 .

460 3903 619 3964 elicit
663 3903 984 3981 singultuS,

458 4004 644 4086 pallor
688 4012 884 4083 genas
913 4006 1120 4080 inficit,

460 4108 780 4170 alterantur
821 4109 1015 4170 vultus
1038 4156 1054 4180 ‚

431 4207 569 4270 ‘sed
610 4210 673 4270 in
715 4210 1069 4271 verecundia
1162 4257 1166 4261 >
1210 4239 1214 4243 ·

458 4310 623 4374 furor
666 4318 757 4373 est
799 4313 1083 4394 sepultus.

1560 363 1682 436 156

2176 541 2254 594 10.

1643 632 1866 722 Hyllis
1909 645 1970 704 in
2019 645 2273 724 suspirio

1642 746 1872 808 Floram
1915 745 2328 825 deprehendit,

1645 846 1753 908 sed
1794 847 1945 909 hanc
1990 848 2065 908 de
2110 847 2398 908 consimili

1641 948 1811 1011 Flora
1854 949 2265 1029 reprehendit;

1609 1083 1615 1091 v
1643 1049 1824 1113 altera
1867 1053 1953 1114 sic
1997 1050 2242 1112 alteram

1642 1159 1846 1214 mutuo
1890 1152 2194 1232 ‘rependit’
2208 1199 2224 1224 ‚

1643 1251 1879 1319 tandem
1921 1253 2190 1315 morbum
2232 1254 2453 1335 detegit

1644 1360 1705 1416 et
1744 1354 1955 1418 vulnus
1998 1356 2274 1419 ostendit.

2167 1523 2247 1579 11.

1640 1618 1762 1692 Iste
1806 1646 2003 1692 sermo
2046 1636 2285 1694 mutuus

1642 1730 1892 1794 multum
1934 1730 2112 1793 habet
2153 1749 2353 1816 more,

1643 1839 1706 1897 et
1746 1839 1842 1896 est
1884 1832 2144 1918 quedam
2188 1836 2376 1895 series

1642 1943 1766 1999 tota
1809 1936 1886 1999 de
1929 1953 2167 1997 amore:
2402 1932 2405 1935 ’

1612 2056 1809 2115 νειιιιοι·
1849 2043 1943 2099 est
1982 2039 2045 2098 in
2088 2038 2326 2109 animis,

1644 2158 1807 2203 amor
1850 2145 1943 2229 est
1984 2141 2046 2201 in
2088 2155 2193 2198 ore
2211 2183 2229 2210 ,

1639 2241 1877 2305 tandem
1919 2239 2138 2319 Phyllis
2181 2238 2387 2317 incipit

1643 2348 1704 2404 et
1745 2340 1964 2405 arridet
2002 2339 2211 2424 Flore:

2165 2508 2243 2562 12.

1637 2606 1809 2679 Miles
1825 2661 1842 2689 ,
1887 2617 2106 2695 inquit,
2150 2614 2351 2675 inclite
2367 2658 2384 2685 ‚

1622 2713 1791 2788 ‘mean
1815 2736 1985 2790 cura,
2029 2716 2225 2788 Paris,

1639 2821 1737 2883 ubi
1779 2818 1956 2881 modo
1999 2817 2242 2890 militas,
2335 2882 2339 2884 Α

1592 2909 1596 2913 ’
1636 2921 1732 2984 vel
1776 2921 1874 2983 ubi
1917 2921 2210 2984 moraris?

1594 3033 1597 3036 ’
1639 3023 1699 3110 O¹
1733 3027 1851 3086 vita
1895 3024 2130 3107 militie,

1545 3124 1560 3140 '
1637 3128 1754 3188 vita
1797 3125 2107 3213 singularis
2124 3121 2155 3195 ,’
2274 3177 2294 3203 „
2346 3124 2348 3127 ’

1562 3272 1577 3294 2
1637 3227 1764 3290 sola
1805 3227 1982 3305 digna
2026 3225 2236 3305 gaudio

1635 3330 1851 3414 Dionei
1890 3322 2061 3390 laris!
2122 3378 2126 3382 .
2221 3366 2224 3369 -

2153 3485 2240 3539 13.

1633 3582 1808 3655 Flora
1851 3590 2049 3652 ridens
2094 3587 2299 3650 oculos

1632 3697 1769 3756 iacit
1810 3695 1871 3758 in
1916 3691 2246 3769 obliquum,

1617 3786 1777 3858 fdum
1818 3792 2013 3875 puella
2057 3790 2270 3853 recolit

1555 3936 1556 3939 =
1630 3897 1878 3959 'militem
1921 3897 2175 3957 amicum
2191 3940 2207 3965 ‚

1636 4006 1697 4061 et
1740 4000 1802 4057 in
1845 4000 1967 4057 risu
2013 3995 2274 4074 loquitur

1634 4097 1878 4178 verbum
1919 4101 2253 4169 inimicum:
2377 4118 2382 4122 ·

1635 4208 1814 4264 ‘amas
1859 4210 1921 4263 et
1944 4202 2155 4280 ¹quem’
2198 4207 2451 4280 poteras'

1635 4304 1833 4367 dicere
1875 4304 2228 4365 mendicum.
