3155 4946
538 660 837 738 ‘Veniunt'
876 675 1209 748 lin-comm.

533 774 733 858 Tun-go
776 786 839 841 et
880 776 1089 864 Eune,

534 876 727 942 nturi
774 885 953 959 atque
996 879 1229 953 Getuli,

532 976 769 1041 Barbari
811 988 875 1043 et
913 980 1171 1067 Βαγώᾳ,

531 1078 635 1142 mu
675 1077 882 1152 Moab,
924 1079 1118 1144 Arnon

534 1185 597 1243 et
633 1177 1001 1268 ismahelite,

531 1285 710 1360 atque
755 1300 894 1345 curn
935 1281 1027 1346 his
1068 1288 1341 1352 omnibus

533 1388 675 1443 sunt
714 1380 1121 1493 Amalechitek

734 1596 739 1601 ,
1069 1551 1124 1605 Β.

533 1641 769 1712 ‘l'nrcos
812 1667 882 1712 sc
923 1650 1289 1734 Masugetss

529 1752 783 1837 precipit
823 1750 1078 1826 adesse3

529 1850 724 1915 Katari
768 1860 943 1933 atque
987 1855 1288 1920 Sarmates

531 1954 741 2017 nolunt
782 1954 920 2017 hinc
964 1959 1206 2032 abesse,

534 2064 780 2120 currunt
822 2056 1054 2132 ‘Quadi,
1096 2059 1343 2123 Vandili’
1356 2108 1374 2135 ,

533 2156 698 2221 Medi
740 2165 916 2238 atque
960 2159 1174 2247 Perse.

528 2258 791 2338 undique
834 2263 1195 2324 conveniunt

528 2367 737 2437 gentes
781 2363 869 2424 sic
915 2361 1166 2450 diverse.

1068 2534 1121 2587 7.

528 2619 774 2716 Terram
815 2631 1030 2694 intrant
1072 2634 1331 2698 inclitam

528 2738 802 2794 cunctam
847 2732 1220 2799 devastantes
1237 2782 1254 2810 ,

528 2833 763 2914 capiunt
806 2834 1204 2908 christicolas,

528 2951 706 2996 senes
751 2942 811 2996 et
851 2936 1102 2999 infantes
1122 2981 1141 3009 ,

525 3043 587 3097 et
627 3042 694 3097 ut
734 3036 862 3122 fere
907 3040 1171 3124 pessime

525 3138 868 3215 sanguinem
911 3127 1172 3202 amantes

523 3238 785 3317 iugulant
825 3242 1107 3319 puerulos
1125 3286 1143 3312 ‚

525 3336 786 3403 dividunt
823 3349 1197 3426 pregnantes.

1061 3512 1113 3562 8.

525 3599 902 3672 Sa-ladino
944 3610 1117 3691 igitur

523 3718 740 3771 terram
781 3712 870 3772 sic
913 3712 1179 3789 ingresso

524 3830 627 3874 rex
670 3819 843 3891 atque
885 3811 1300 3893 Templarii

525 3920 767 3976 currunt
809 3930 878 3974 ex
923 3911 1208 3983 adverso,

523 4017 659 4077 totis
704 4015 937 4076 obstant
977 4014 1199 4076 nisibus

522 4116 763 4179 barbaro
803 4132 1084 4195 perverso

523 4218 829 4299 cupientes
870 4214 1089 4294 populo

524 4304 830 4379 subvenire
870 4334 1098 4396 presso.

1650 394 1738 464 30

2263 587 2317 643 θ.

1724 661 1944 733 Turchi
1986 680 2253 753 pugnant
2293 675 2540 747 soriter,

1719 772 1910 835 iscula
1951 774 2254 837 mittentes

1720 873 2069 937 christianos
2109 875 2418 938 vulnerant

1718 972 1946 1059 cedunt
1986 977 2353 1050 resistentes,

1716 1082 1781 1139 et
1820 1083 1887 1139 ut
1926 1076 2083 1162 male
2123 1076 2314 1163 bestie

1717 1174 1989 1240 dentibus
2029 1177 2354 1241 sternentes

1712 1280 1980 1343 territant
2021 1279 2345 1361 sonipedes

1717 1379 1874 1443 tubis
1891 1364 1900 1373 ’
1915 1388 2381 1465 perstrepentes.

2242 1550 2324 1602 10.

1715 1641 1921 1715 Nostri
1962 1669 2029 1714 se
2075 1651 2219 1714 dum
2264 1651 2529 1714 sentiunt

1713 1757 1791 1816 ita
1833 1761 2213 1839 pregravatus

1714 1862 1777 1917 et
1820 1873 1853 1918 a
1897 1856 2066 1918 malis
2110 1855 2382 1936 gentibus

1712 1954 1975 2038 undique
2018 1956 2259 2018 vallatos
2279 2001 2296 2027 ,

1713 2061 2007 2138 stringunt
2049 2059 2172 2120 suis
2215 2059 2485 2120 manibus

1717 2177 1897 2223 enses
1941 2158 2291 2222 decantatos
2309 2203 2327 2229 ,

1716 2267 1892 2340 atque
1934 2267 2208 2323 truncant
2248 2260 2478 2322 fortiter

1714 2360 1990 2423 barbaros
2032 2368 2306 2424 armatos.

2235 2529 2317 2580 11.

1716 2621 1861 2693 Plus
1905 2648 2084 2711 quarn
2125 2628 2178 2692 X
2222 2630 2378 2692 milia

1712 2741 1876 2795 erant
1922 2733 2215 2795 christiani
2230 2776 2247 2803 ,

1710 2832 1819 2895 sed
1861 2852 1968 2913 pro
2013 2851 2131 2896 uno
2175 2833 2436 2913 quolibet

1708 2940 1800 2996 ter
1842 2941 2082 2997 centurn
2125 2936 2366 3015 pagani,

1707 3036 1796 3097 sic
1837 3034 2152 3116 pugnando
2195 3037 2464 3098 cominus

1707 3135 1901 3198 Bactri
1944 3143 2007 3198 et
2046 3135 2279 3199 Hircani
2295 3180 2314 3207 ,

1706 3240 1796 3302 vix
1840 3255 1910 3299 ex
1954 3239 2174 3300 nostris
2217 3239 2396 3317 aliqui

1707 3347 2019 3401 evaserunt
2061 3341 2201 3402 sani.

2225 3507 2305 3557 12.

1704 3601 1835 3672 Rex
1881 3627 2017 3672 cum
2062 3627 2242 3672 cruce
2288 3612 2546 3691 capitur,

1703 3712 1797 3774 alii
1837 3697 2213 3783 truncantur,

1701 3812 2018 3892 Templarii
2062 3820 2153 3873 ter
2181 3819 2420 3893 centum

1702 3916 1854 3992 capti
1898 3912 2291 3983 decollantur,

1699 4033 1953 4094 quorum
1997 4016 2157 4076 nulla
2200 4032 2451 4096 corpora

1698 4118 2003 4200 sepulture
2047 4115 2290 4189 dantur,

1698 4216 1805 4278 sed
1850 4237 1881 4280 a
1923 4216 2056 4295 Xpo
2100 4219 2296 4299 anime

1701 4319 1835 4382 celo
1879 4325 2258 4381 coronantur.
