3155 4946
1432 370 1551 441 131

1437 546 1558 623 41.

1366 676 1463 731 (τοι
1489 677 1626 729 aab.)

888 766 935 816 1.

348 842 584 915 Samni
629 850 792 913 sidus
834 851 1077 913 lividum
1522 853 1795 915 alacriori
1837 857 2070 923 mente,

347 953 647 1016 Mercurio
692 954 944 1014 micante
1522 953 1888 1034 Aquilonem
1933 954 2157 1015 carceri

347 1057 577 1135 fugatur
620 1056 690 1116 ab
735 1055 1007 1134 Apolline
1521 1055 1667 1117 Eolo
1713 1058 1952 1118 nolente

348 1162 529 1221 risum
570 1156 732 1221 Jovis
778 1156 1070 1229 nudante,
1197 1200 1198 1203 ,
1524 1155 1850 1236 deputans,
1896 1158 1983 1218 sic
2030 1157 2249 1217 ‘ceteri’

349 1258 503 1323 redit
544 1261 613 1322 ab
660 1259 832 1321 exilio
1522 1258 1794 1336 glaciales
1840 1261 2077 1340 spiritus

348 1380 453 1426 ver
496 1380 665 1425 coma
707 1362 991 1423 rutilante.
1366 1411 1373 1417 .
1524 1359 1812 1440 dit'ugiunt
1853 1369 2118 1442 repente.

877 1476 928 1529 2,
1524 1460 1699 1523 Redit
1742 1464 1905 1524 calor
1947 1463 2170 1547 etheri,

352 1556 546 1627 Cantu
589 1581 801 1625 nemus
847 1565 1036 1627 avium
1526 1562 1665 1626 dum
1710 1566 1894 1646 caligo
1940 1567 2182 1628 nubium

348 1668 587 1730 lascivia
632 1668 970 1727 canentium
1523 1669 1769 1729 rarescit
1809 1669 1936 1730 sole
1979 1675 2210 1731 taurum
2253 1675 2512 1732 tenente.

351 1786 529 1833 suave
574 1766 874 1840 delinitur,
1662 1794 1667 1800 ’
2061 1783 2113 1834 5.

351 1872 559 1934 fronde
605 1869 934 1942 redimitur,
1527 1860 1634 1931 Sic
1678 1870 1831 1930 beati
1874 1887 2015 1949 spes
2061 1871 2266 1942 alitur,

354 1979 599 2037 vernant
640 1976 809 2058 spine
855 1972 1092 2035 floribus
1527 1970 1777 2051 flagrans
1824 1971 1943 2032 oris
1986 1973 2190 2032 tenelli

353 2075 732 2146 micantibus,
1528 2073 1668 2135 dum
1714 2073 1961 2135 acclinat
2002 2074 2225 2136 basium
2250 2119 2266 2145 ,

357 2175 647 2238 Venerem
692 2178 1079 2257 signantibus»,
1526 2172 1743 2236 scindit
1784 2176 2002 2237 nubem
2046 2177 2307 2236 omnium

358 2281 488 2360 quia
533 2282 700 2361 spina
743 2283 981 2362 pungit,
1024 2280 1138 2344 flos
1166 2279 1474 2345 blanditur.
1528 2293 1836 2349 curarum,
1880 2275 1988 2338 sed
2031 2277 2203 2339 avelli

897 2399 944 2450 3.
1526 2380 1751 2451 nescit,
1795 2381 1858 2440 ni
1900 2381 2244 2460 congressio

354 2473 541 2546 Mater
582 2483 786 2548 Venus
828 2485 1073 2550 subditis
1114 2489 1300 2550 amori
1527 2483 1606 2545 sit
1649 2480 1884 2546 archani
1926 2480 2157 2543 medica
2201 2482 2400 2549 duelli.

357 2585 550 2649 dulcia
593 2587 889 2668 stipendia
2064 2601 2115 2652 6.

358 2692 525 2771 copia
1323 2725 1326 2728 -
1526 2675 1689 2749 Felix
1732 2685 1877 2750 hora
1918 2689 2090 2749 huius
2135 2685 2347 2759 duelli,

354 2789 549 2871 largiri
593 2792 918 2854 delectatur
960 2791 1233 2853 uberiori.
1532 2787 1693 2876 ‘qua’¹
1729 2790 2014 2868 contingit
2061 2795 2297 2851 nectare
2341 2786 2583 2850 ‘donari’

891 2906 945 2958 4.
2476 2888 2652 2951 melli.

356 2981 567 3053 Dulcis
610 3008 746 3054 aura
791 2991 1026 3070 zephyri
1530 2990 1723 3066 Quam
1764 2990 1903 3053 felix
1946 2991 2120 3063 unio,

359 3095 586 3171 spirans
629 3094 699 3154 ab
744 3092 1055 3153 occidente
1385 3101 1391 3105 ·
1531 3094 1699 3155 cuius
1743 3094 2038 3155 suavitatis
2081 3094 2300 3173 poculo

356 3189 509 3256 lovis
552 3194 710 3258 favet
752 3192 930 3257 sideri
1469 3247 1476 3254 .
1530 3196 1839 3276 sopiuntur
1882 3213 2098 3258 sensus
2143 3201 2205 3256 et
2245 3194 2449 3257 ocelli!

1440 3501 1562 3577 42.

1400 3629 1491 3683 (rol.
1513 3629 1609 3682 27.)

899 3719 944 3769 1.

357 3794 535 3865 Esus
578 3804 639 3864 in
684 3803 916 3864 exilium
1531 3806 1750 3866 exaruit
1797 3803 1958 3884 quod
2002 3803 2230 3877 floruit,

357 3908 475 3968 iam
518 3907 950 3985 peregrinatur,
1531 3907 1664 3984 quia
1707 3905 1940 3968 felicem
1984 3913 2198 3969 statum
2240 3907 2497 3972 nemoris

355 4008 477 4093 leto
521 4026 734 4068 nemus
778 4010 968 4071 avium
1527 4010 1613 4069 vis
1655 4008 1887 4088 frigoris

359 4118 532 4171 cantu
579 4109 875 4181 viduatur,
1528 4111 1759 4171 sinistra
1805 4110 2149 4186 denudavit,

356 4209 534 4288 pallet
575 4212 729 4271 viror
771 4209 1099 4281 frondium,
1530 4219 1590 4272 et
1635 4213 1835 4297 ethera
1879 4215 2110 4276 silentio
2156 4216 2431 4289 turbavit,

357 4326 601 4393 campus
645 4311 991 4387 defloratur,
1528 4313 1699 4376 exilio
1747 4313 1885 4378 dum
1930 4336 2067 4381 aves
2109 4318 2402 4397 relegavit.

2161 4420 2244 4482 9*
