3155 4946
1421 343 1551 414 237

884 513 934 568 a.

337 593 553 666 Molles
597 603 768 665 cibos
807 603 987 667 edere
1004 649 1022 675 ‚
1514 603 1576 663 iu
1619 619 1737 681 qua
1779 598 1983 684 'iugum
2024 605 2197 685 inops
2240 604 2436 685 perdit

338 707 701 787 inpinguati,
1514 722 1627 789 sue
1671 706 2055 785 paupertatis.

338 809 569 872 dilatari
2056 823 2105 876 6.
2205 818 2208 821 ’

336 911 684 974 studeamus
729 926 802 972 ex
844 908 1015 990 adipe
1031 954 1049 982 ,
1510 898 1605 971 Ex
1619 908 2094 989 domostrepunt
2120 927 2328 989 gressu
2356 912 2638 997 inequali,

339 1013 612 1075 alacriter
651 1013 874 1075 bibere.
1514 1012 1804 1073 nasturtio
1849 1014 2241 1090 procumbunt
2282 1014 2546 1094 plateali,

1514 1112 1726 1175 fratres
1770 1112 1912 1174 nudi
1957 1121 2160 1185 carent
2201 1117 2451 1195 penula,

873 1197 928 1251 ⁴·
1022 1226 1030 1235 ·
1517 1213 1590 1275 ad
1635 1216 1854 1278 terram
1896 1217 2067 1295 proni
2109 1214 2359 1281 flectunt
2410 1236 2601 1298 genua
2617 1266 2636 1295 ‚

337 1310 477 1383 Heu
522 1336 699 1399 quam
740 1317 882 1380 felix
925 1323 1019 1379 est
1057 1318 1179 1379 iam
1208 1316 1330 1379 vita
1356 1333 1463 1395 po·
2055 1333 2106 1385 7.

746 1421 988 1493 tatoris,
1515 1407 1586 1480 In
1628 1418 1752 1479 luto
1795 1421 1964 1483 strati
2008 1420 2236 1483 dicunt:
2283 1420 2559 1485 “Orate'’

340 1529 443 1606 qui
486 1540 757 1587 curatam
800 1519 1253 1601 ‘tempestatem'
1297 1517 1467 1581 sedat
1516 1519 1630 1582 Per
1671 1523 2002 1601 posteriora
2059 1520 2220 1583 dorsi
2276 1529 2412 1587 mox
2445 1525 2635 1590 *audl-

748 1631 810 1685 et
851 1624 1134 1708 meroris,
1881 1614 1885 1618 Δ
1923 1628 2052 1685 tur:
2100 1625 2386 1699 “Levate,

341 1726 484 1790 dum
542 1726 808 1790 flavescit
862 1729 1065 1789 vinum
1132 1726 1196 1785 in
1245 1725 1462 1786 ·vitro
1515 1723 1789 1809 exaudite
1858 1726 1978 1787 iam
2047 1735 2246 1813 vestre
2310 1736 2450 1791 sunt
2503 1748 2637 1797 ora-

749 1828 1107 1890 subrubei
1155 1826 1459 1887 coloris.
1920 1830 2144 1901 tiones,

1513 1929 1653 2006 quia
1681 1932 1940 2008 respexit
1975 1930 2207 1992 Bachus
2235 1941 2464 2001 vestras
2493 1953 2636 1997 con-
2715 1932 2719 1936 ’

877 2016 928 2067 5.
1921 2035 2324 2113 punctiones.''

333 2127 534 2201 Bibuli
579 2139 851 2217 lagenam
2050 2151 2101 2205 8.

337 2241 652 2303 absorbent
691 2240 828 2299 vino
870 2235 1142 2316 plenam,
1179 2307 1184 2314 ,
1513 2222 1742 2298 Omnes
1788 2236 2016 2298 dicunt:
2066 2224 2353 2319 “surgite,
2400 2259 2635 2325 eamus,

333 2342 537 2404 vinum
579 2341 825 2402 mixtum
1508 2344 1721 2398 venter
1745 2340 2042 2419 exposcit,
2074 2346 2141 2401 ut
2167 2343 2473 2420 paululum
2484 2344 2639 2408 ‘eda-

335 2441 622 2507 mellifluo
665 2440 849 2504 odore
866 2486 883 2512 ,
1919 2457 2085 2515 mus,
2672 2434 2678 2441 ’

334 2547 623 2609 claretum
665 2546 821 2607 forte
1514 2543 1856 2605 stomachus
1928 2550 2165 2605 recusat
2242 2551 2451 2626 potum
2537 2549 2642 2615 diu

334 2656 613 2710 nectareo
658 2664 904 2727 sapore,
1922 2662 2131 2707 careus
2175 2663 2357 2730 cena,

334 2746 593 2830 scyphos
637 2750 877 2811 crebros
920 2754 1199 2827 repetunt
1514 2750 1577 2807 et
1618 2747 1872 2826 simplex
1915 2749 2029 2809 erit
2074 2747 2380 2828 gaudium,
2436 2754 2491 2812 si
2533 2769 2638 2817 cu-

336 2852 400 2911 iu
442 2849 587 2911 sede
631 2849 958 2911 maiestatis
975 2894 991 2920 ‚
1919 2851 1998 2911 tis
2041 2868 2161 2911 nou
2204 2853 2283 2912 sit
2325 2853 2555 2932 plena.”

1365 3086 1507 3162 176
1561 3110 1624 3165 a.

2014 3198 2231 3257 versus.

644 3308 822 3381 Mella
841 3365 857 3391 ‚
903 3320 1068 3381 cibus
1111 3317 1302 3381 dulcis
1317 3352 1339 3391 ‚·
1379 3324 1520 3381 sunt
1560 3333 1710 3403 sepe
1753 3322 2028 3382 nocentia
2073 3320 2293 3381 multis.

644 3424 798 3485 Esca
839 3422 1083 3502 quidem
1125 3421 1377 3502 simplex
1420 3438 1633 3483 sanum
1675 3421 1817 3484 facit
1857 3429 2035 3501 atque
2077 3421 2392 3483 valentem.

851 3525 1068 3607 Divitie
1113 3522 1353 3595 dulces,
1397 3522 1662 3602 pluribus
1705 3522 1806 3584 ille
1847 3539 2087 3603 graves,

848 3629 1122 3688 insanum
1168 3627 1368 3688 multis
1412 3625 1739 3689 destituere
1782 3628 1950 3689 cibis.

1409 3905 1571 3981 177.

1284 4029 1287 4032 ’
1346 4024 1450 4077 (toi.
1475 4024 1530 4070 88
1552 4025 1626 4076 h.)

884 4106 930 4157 1.

338 4185 476 4256 Pvni
518 4193 737 4258 Bacchi
781 4195 1059 4255 meritum
1500 4190 1723 4273 pocula
1767 4190 1980 4253 festiva

338 4299 544 4360 incitat
584 4295 857 4357 illicitum
870 4339 888 4368 ,
1509 4311 1630 4357 non
1672 4310 1911 4356 mecum
1950 4298 2091 4356 suut
2130 4294 2379 4372 captiva.
