3155 4946
904 537 988 592 16.

386 628 453 700 In
494 638 745 700 iocunda
789 639 938 701 facie

387 740 555 825 stelle
599 740 932 815 radiabant,

384 843 577 927 eboris
623 845 924 904 materiam

351 943 592 1007 ⁴dentes
636 944 1050 1018 vendicabant,

380 1044 510 1124 plus
557 1064 734 1125 quam
780 1045 972 1108 dicam
1016 1049 1280 1129 speciem

381 1147 640 1209 membra
686 1149 1078 1227 geminabant:

380 1247 578 1328 quidni
622 1250 674 1310 si
715 1249 830 1333 hec
875 1253 1137 1313 omnium

377 1355 635 1410 mentem
680 1350 1031 1431 alligabant?

894 1518 975 1570 17.

375 1608 584 1680 Forma
631 1627 729 1682 tua
771 1619 991 1699 fulgida

370 1726 512 1781 tunc
556 1739 652 1782 me
697 1724 1014 1792 catenavit,

371 1821 511 1882 mihi
557 1828 850 1894 mentem,
896 1825 1153 1888 animum

369 1928 429 1983 et
473 1941 577 1984 cor
615 1927 950 1997 inmutavit,

369 2025 471 2084 tibi
511 2024 675 2105 loqui
715 2029 990 2105 ‘spiritus'

366 2124 521 2187 illico
567 2131 852 2205 speravit3

367 2244 546 2304 posse
590 2246 761 2307 spem
807 2239 1184 2295 veruntamen

366 2344 667 2407 nunquam
710 2331 1017 2395 roboravit.

880 2500 965 2554 18.

358 2588 516 2677 Ergo
562 2618 732 2661 meus
780 2604 1005 2665 animus

359 2707 520 2761 recte
564 2700 897 2766 vulneratur

359 2817 502 2860 ecce
548 2801 710 2862 ‘mihi
755 2804 1003 2880 graviter

357 2898 608 2962 tortuna’
653 2911 1028 2978 novercatur,

358 3006 489 3062 ‘nec
534 3005 667 3081 quis
712 3021 990 3082 umquam
1035 3007 1249 3086 aliqno’

353 3108 577 3165 tantum
624 3105 996 3180 molestatur,

349 3221 529 3282 quam
572 3209 672 3286 qui
715 3216 913 3287 sperat
955 3210 1204 3290 aliquid,

348 3289 559 3390 et⁸spe
604 3308 996 3375 defraudatur.

858 3478 945 3535 19.

348 3567 559 3641 Telum
604 3596 843 3658 semper
883 3587 1127 3660 pectore

343 3677 608 3741 clausum
651 3682 955 3759 portitavi,

341 3779 553 3841 millies
597 3788 656 3840 et
700 3782 910 3844 millies

336 3880 471 3942 inde
516 3885 833 3961 suspiravi,

341 3981 580 4062 dicens:
626 4004 820 4047 rerum
867 3985 1165 4061 conditor,

336 4084 472 4163 quid
518 4087 584 4146 in
622 4094 680 4146 te
726 4091 1006 4167 peccavi?

331 4187 595 4247 omnium
638 4192 950 4252 amantium

327 4284 593 4364 pondera
633 4293 877 4368 portavi.

1480 324 1605 435 143

2075 536 2160 590 20.

1557 628 1733 718 Fugit
1775 656 1808 699 a
1854 657 1949 700 me
1991 639 2229 711 bibere,

1557 742 1725 802 cibus
1770 748 1831 802 et
1874 741 2166 812 dormire,

1556 841 1912 904 medicinam
1955 860 2193 923 nequeo

1556 943 1725 1005 malis
1769 945 2049 1005 invenire.

1555 1043 1814 1116 Christe,
1858 1063 1979 1106 non
2025 1062 2122 1106 me
2168 1045 2400 1108 desinas

1551 1145 1741 1205 taliter
1784 1148 2012 1225 perire,
2061 1192 2067 1197 .

1551 1244 1660 1305 sed
1708 1245 1946 1326 dignare
1991 1250 2210 1310 misero

1550 1345 1723 1426 digne
1768 1350 2097 1412 subvenire.

2068 1517 2152 1571 21.

1543 1608 1673 1679 Has
1718 1625 1773 1679 et
1818 1620 2020 1698 plures
2064 1638 2312 1683 numero

1543 1720 1754 1798 pertuli
1796 1721 2076 1791 iacturas,
2316 1713 2323 1720 ’

1542 1838 1657 1881 nec
1702 1822 1886 1882 ullum
1930 1821 2200 1885 solatium

1543 1923 1752 1982 minuit
1793 1940 1956 1984 meas
1998 1942 2196 1996 curae,

1539 2025 1601 2084 ni
1646 2023 1806 2103 quod
1847 2042 1993 2108 sepe
2036 2028 2241 2110 sepius

1537 2142 1648 2204 per
1690 2132 1898 2186 noctes
1946 2126 2224 2189 obscuras

1537 2243 1646 2307 per
1689 2228 2088 2307 ‘imaginarias'

1533 2333 1737 2390 tecum
1783 2346 1915 2413 sum
1957 2328 2190 2409 figuras.

2053 2499 2134 2550 22.

1529 2590 1732 2674 Rosa,
1779 2602 1982 2664 videns
2024 2604 2232 2682 igitur,

1528 2720 1707 2782 quam
1751 2704 1861 2763 sim
1907 2704 2273 2776 vulneratus,

1529 2811 1675 2883 quot
1716 2810 1775 2864 et
1819 2811 2066 2883 quantas
2109 2807 2344 2868 tulerim

1523 2921 1637 2982 per
1677 2908 1736 2964 te
1780 2906 2108 2976 cruciatus,

1524 3005 1646 3076 ‘tu’,
1690 3005 1738 3065 si
1781 3006 2006 3083 placet,
2048 3009 2245 3086 itaque

1522 3105 1652 3179 fac,
1697 3113 1758 3167 ut
1803 3108 1916 3168 sim
1958 3116 2222 3182 sanatus,

1468 3289 1474 3295 ἢ
1520 3224 1632 3285 per
1673 3213 1732 3266 te
1774 3208 1890 3267 sim
1931 3209 2241 3272 incolumis

1521 3314 1585 3368 et
1625 3305 1961 3371 vivificatus.

2041 3479 2125 3532 23.

1518 3566 1698 3653 Quod
1741 3578 1978 3659 quidem
2022 3584 2073 3643 si
2112 3583 2361 3660 feceris,

1512 3682 1574 3741 in
1620 3690 1677 3744 te
1719 3682 2038 3761 gloriabor,
2105 3699 2112 3704 ’

1509 3787 1790 3862 tanquam
1833 3785 2048 3849 cedrus
2086 3787 2286 3852 Libani

1510 3881 1736 3945 florens
1780 3886 2090 3951 exaltabor.

1508 3985 1619 4046 sed
1663 3989 1746 4058 si,
1793 3988 1953 4067 quod
1998 4010 2118 4052 non
2164 4011 2409 4070 vereor,

1504 4092 1565 4149 in
1610 4096 1669 4152 te
1716 4091 2131 4167 defraudabat,

1501 4193 1683 4273 patiar
1724 4200 2086 4279 naufragium

1502 4302 1562 4357 et
1601 4300 1987 4378 periclitabor.
