3155 4946
349 581 459 640 vita
505 590 832 654 recrescat,

347 681 580 743 flamma
623 685 919 762 quiescat.

344 800 463 866 que
504 802 620 844 nos
661 786 892 844 inescat

345 882 552 945 effreni
596 885 833 947 Venere

1441 410 1567 479 219

1526 586 1653 641 toto
1698 583 1829 642 nisu
1875 581 2088 643 studeo
2110 628 2126 653 ‚

1527 688 1592 742 ut
1635 681 1849 744 haustu
1891 700 2151 745 venereo

1524 784 1654 844 eius
1698 784 1893 845 bibam
1935 789 2149 862 puteo,

1527 900 1641 945 uec
1683 890 1884 946 tamen
1926 882 2222 963 pervaleo.

343 983 518 1046 docta
561 984 797 1059 ludere;
1523 981 1626 1045 Me
1672 984 1927 1045 Corinna

341 1086 543 1146 iuncto
586 1085 792 1170 federe
1520 1083 1661 1146 love
1705 1083 1880 1163 digna
1920 1086 2148 1154 nexuit,

341 1184 552 1246 vulnus
598 1187 851 1249 emunda
865 1232 882 1258 ‚
1524 1188 1649 1247 suis
1692 1185 1875 1247 frenis

340 1287 505 1364 virgo
550 1286 804 1348 iocunda
825 1333 840 1358 ,
1523 1291 1587 1346 et
1626 1286 1871 1348 habenis
1937 1281 1940 1284 ⁴

340 1403 462 1447 nou
503 1403 600 1446 me
643 1387 917 1448 venunda
1523 1386 1776 1458 domuit;

341 1486 450 1546 sub
495 1489 702 1548 mortis
743 1487 1029 1566 pondere.

808 1601 929 1651 ·7.

1524 1504 1644 1570 que
1687 1505 1786 1549 me
1829 1489 2008 1549 vinxit

1523 1594 1586 1648 et
1628 1589 1974 1649 constrinxit

337 1675 446 1746 Vis
490 1690 704 1749 amoris
1524 1689 1796 1760 ‘arctius'‚

336 1789 495 1848 intus
516 1834 532 1859 ,
575 1788 749 1860 toris,
1521 1786 1678 1849 laxet
1719 1806 1927 1868 parum

338 1905 434 1947 me
478 1888 694 1950 furoris
1521 1890 1641 1949 vim
1683 1886 2051 1951 flammarum

336 1989 428 2048 sui
470 1994 640 2051 vexat
680 1990 954 2051 stimulis.
1523 1989 1732 2049 citius!

337 2086 389 2147 Ο
434 2087 636 2149 Venus
681 2106 884 2161 aurea,

2056 2192 2103 2241 9.

284 2184 289 2189 ⁴
335 2191 556 2251 inmitis
602 2207 669 2251 es
716 2190 855 2263 dea,

336 2307 473 2351 nam
514 2290 645 2353 sace
690 2289 962 2353 flammea

336 2408 432 2451 me
476 2395 728 2472 peruris.

334 2491 627 2565 Quidnam
665 2492 843 2566 furis,

333 2610 441 2654 cur
485 2611 582 2654 me
626 2593 788 2654 duris

333 2696 611 2756 sauciasti
654 2694 857 2755 iaculis
874 2695 907 2753 ’ἰ

332 2792 471 2872 igne
516 2795 836 2866 demolior,

332 2908 496 2953 mors
538 2893 679 2953 mihi
723 2894 934 2955 melior

333 3011 510 3070 quam
552 2995 671 3056 vita
713 2993 960 3072 longior.

868 3109 922 3160 8.

328 3186 704 3257 lucessmter
746 3194 926 3256 ardeo
941 3241 959 3266 ,

332 3304 502 3360 ‘nexu
545 3297 793 3358 vinctus'
837 3296 1016 3375 igneo
1105 3300 1109 3305 ’

1517 2280 1682 2372 Lesa
1724 2293 2056 2372 ‘tempora’‚.

1514 2398 1650 2453 tusa
1695 2399 1935 2471 pectora

1516 2500 1650 2554 usta
1693 2492 2032 2568 dehiscunt,

1516 2609 1732 2670 quassa
1773 2598 2121 2658 tremiscunt

1515 2693 1625 2754 sub
1668 2700 1770 2754 tua
1814 2694 2067 2758 Venere.

1513 2784 1595 2856 Ut
1638 2794 1779 2873 quid
1822 2815 2038 2875 urgeor
2052 2843 2068 2868 ,

1512 2903 1580 2958 ut
1622 2896 1764 2974 quid
1806 2897 2136 2977 torqueor?

1513 2997 1772 3058 Subveni
1815 3000 2004 3059 oranti
2018 3043 2034 3068 ,

1513 3114 1691 3177 parce
1733 3100 1997 3176 precanti
2014 3143 2031 3169 ,

1510 3197 1613 3258 diu
1657 3195 1911 3277 ploranti

1511 3299 1623 3359 sub
1666 3304 1769 3360 tuo
1815 3315 2072 3360 carcere.

1410 3613 1573 3688 155.

1336 3729 1442 3782 (rot.
1473 3732 1525 3775 rs
1549 3732 1628 3783 b.)

872 3812 918 3864 1.
1428 3863 1436 3870 .

328 3888 487 3975 Egre
533 3896 660 3956 sero
679 3941 695 3966 ,
742 3896 902 3974 quod
945 3904 1153 3979 egroto
1171 3942 1186 3966 ,
1507 3915 1620 3959 nec
1665 3898 1967 3970 concedit,

329 4017 463 4060 uam
506 4016 578 4059 ex
620 4002 746 4058 toto
1506 3996 1648 4060 dum
1691 4017 1788 4061 me
1831 3999 1978 4083 ledit
1996 4046 2010 4070 ‚

328 4117 462 4175 meo
507 4105 646 4160 voto
1506 4116 1703 4161 meam
1745 4100 1889 4161 mihi
1934 4101 2198 4163 cedere.·

328 4200 529 4262 Venus
572 4199 795 4284 obviat,
1507 4198 1731 4263 Moriar
1769 4204 1831 4264 in
1876 4202 2128 4266 Venere.

327 4302 468 4363 dum
510 4308 608 4362 me
651 4305 901 4364 sauciat.
