3155 4946
388 1516 391 1519 -
504 1479 604 1558 qui
649 1495 758 1556 per
800 1477 1308 1542 ‘malevolentiam’

1612 281 1701 352 40

1542 463 1761 536 LXIX.

1519 589 1619 643 (roi.
1645 590 1779 642 ut.)

502 753 776 825 Florebat
820 746 958 826 olim
1003 677 1292 839 studium,
1677 772 1815 827 sunt
1857 766 2271 847 colloquentes
2316 763 2583 828 clanculo

501 884 659 927 nunc
703 869 945 929 vertitur
985 870 1047 930 in
1090 869 1349 958 tedium3
1677 875 1738 930 et
1778 867 1850 930 ad
1897 869 2210 932 macellum
2253 865 2478 930 sedulo.

499 970 616 1030 iam
659 971 814 1047 scire
858 968 956 1032 diu
1001 971 1215 1050 viguit,

500 1069 612 1131 sed
650 1069 856 1132 ludere
899 1069 1201 1155 prevaluit.

500 1264 625 1335 Iam
667 1274 866 1352 pueris
912 1188 1118 1337 astut2ia

501 1376 784 1454 contingit
826 1385 962 1438 ante
1006 1384 1272 1458 tempora
1286 1422 1303 1450 ,

1675 1131 1916 1202 Mariam
1959 1143 2154 1220 gravat
2195 1138 2421 1211 sessio,

1677 1260 1791 1306 nec
1834 1239 2065 1324 Μαι-[δᾳ
2111 1239 2305 1320 placet
2346 1241 2531 1311 actio,

1669 1344 1793 1424 iam
1833 1343 1940 1428 Lie
1984 1348 2188 1404 venter
2230 1341 2479 1415 sterilis,

1675 1446 1896 1509 Rachel
1938 1444 2214 1526 lippescit
2256 1443 2465 1505 oculis.

502 1578 816 1644 excludunt
856 1582 1217 1663 sapientiam.
2213 1604 2267 1659 9,

931 1785 946 1800 ‚
1032 1697 1080 1751 3·
1680 1710 1925 1782 Catonis
1963 1714 2087 1795 jam
2128 1714 2385 1796 rigiditas

500 1775 625 1846 Sed
672 1791 980 1848 retroactis
1022 1785 1242 1849 seculis
1682 1824 2040 1885 commum
2081 1818 2155 1882 nd
2199 1835 2449 1900 gmon,

502 1887 595 1952 vix
639 1887 802 1948 licuit
841 1885 1143 1967 discipulis
1680 1931 1743 1986 a
1784 1924 2018 1986 onum
2060 1924 2337 2008 Lucreti?

499 1988 738 2051 taudem
777 1990 1271 2069 ‘nonagenarium'
1677 2033 1742 2089 m
1815 2026 1835 2086 i
1877 2027 2060 2091 ,emt
2096 2026 2290 2089 hum

505 2091 813 2173 quiescere
856 2098 988 2170 post
1034 2090 1311 2155 studium.
1745 2040 1813 2107 'P
2209 2070 2219 2081 ’
2294 2042 2349 2110 9⁶

1032 2208 1089 2264 ⁴.
2199 2186 2279 2240 10.

501 2283 592 2356 At
624 2309 791 2373 punc
833 2291 1133 2356 decennes
1175 2297 1342 2375 pueri
1676 2280 1892 2374 ‘Quod'
1933 2298 2106 2378 prior'
2139 2304 2266 2382 etas
2308 2296 2535 2376 respuit

501 2397 759 2460 decusso
800 2398 938 2476 iugo
980 2395 1145 2457 liberi
1673 2402 1791 2461 iam
1835 2417 1993 2462 nunc
2038 2400 2250 2462 clarius
2294 2397 2533 2469 claruit,

504 2517 571 2562 se
614 2516 771 2560 nunc
813 2500 1118 2579 magistros
1160 2501 1442 2573 iactitant,
1679 2504 1793 2564 iam
1842 2499 2095 2564 calidum
2137 2502 2196 2563 in
2240 2499 2517 2580 frigidum

502 2586 637 2686 ceci
685 2619 865 2686 cecos
909 2602 1271 2685 precipitem.
1683 2610 1745 2665 et
1786 2602 2089 2665 humidum
2130 2604 2190 2665 in
2234 2601 2493 2673 aridum,

1037 2718 1087 2772 ⁵·
1649 2716 1658 2722 ⁶
2199 2746 2284 2801 ιι.

506 2792 806 2883 Inplumes
850 2821 987 2868 aves
1031 2806 1304 2878 volitant,

503 2903 762 2966 Brunelli
804 2905 1056 2967 chordas
1100 2908 1374 2981 incitant,

504 3007 690 3070 boves
731 3008 791 3066 in
835 3006 963 3067 aula
1008 3006 1272 3082 selitant,

506 3107 657 3191 stire
697 3123 990 3191 precones
1034 3108 1297 3171 militant.

1046 3226 1096 3281 6.

1681 2847 1881 2918 Virtus
1926 2858 2134 2936 migrat
2175 2859 2234 2918 in
2284 2858 2520 2930 vitium,

1683 2977 1834 3039 opus
1877 2961 2084 3020 transit
2123 2960 2186 3020 in
2231 2960 2445 3031 otium3

1680 3079 1838 3122 nunc
1885 3069 2096 3147 cuncte
2140 3079 2239 3123 res
2282 3059 2476 3123 debita

1682 3163 2001 3225 exorbitant
2044 3181 2077 3225 a
2118 3165 2344 3225 semita.

507 3300 575 3373 ln
618 3311 854 3372 taberna
900 3310 1215 3392 Gregorius
2203 3305 2285 3358 ¹²·

508 3414 625 3474 iam
671 3411 922 3491 disputat
961 3413 1304 3494 inglorius‚-
1681 3410 1785 3481 Vir
1826 3417 2091 3499 prudens
2134 3418 2247 3481 boc
2290 3417 2656 3492 consideret,

509 3516 795 3577 severitas
838 3514 1160 3577 Hieroniini
1679 3538 1783 3582 cor
1825 3520 2069 3581 mundet
2113 3526 2171 3581 et
2215 3526 2523 3593 exoneret,

509 3621 733 3695 partem
778 3624 1050 3681 causatur
1090 3617 1259 3678 oboli.
1678 3640 1754 3684 ne
1798 3621 2011 3686 fmstra
2055 3623 2234 3687 dicat:
2277 3624 2562 3686 Domine!

1044 3735 1097 3786 7.
1679 3726 1738 3785 in
1786 3723 1990 3785 ultimo
2033 3727 2317 3789 examine..
2609 3727 2615 3732 ’

510 3806 883 3896 Augustinus
930 3817 1003 3879 de
1047 3827 1283 3902 segete,
1512 3836 1517 3840 ·
1685 3825 1878 3898 Quem
1922 3826 2282 3888 iudex‘tunc
2326 3827 2607 3906 arguerit,

509 3916 867 3981 Benedictus
912 3919 987 3982 de
1031 3930 1237 4001 vegete
1684 3929 1975 4008 appellare
2018 3947 2135 3991 non
2178 3931 2410 4009 poterit.
