3155 4946
1546 325 1669 398 152

1000 500 1050 557 3.
2176 500 2225 554 8.

457 599 596 671 Non
639 614 735 670 est
775 607 985 670 florem
1028 613 1308 687 tangere,
1610 593 1934 682 ,Quicquid
1975 609 2151 682 agant
2193 601 2318 675 alii,

459 730 577 774 non
622 714 715 771 est
758 728 856 771 res
901 726 1142 780 secura;
1637 725 1779 787 ergo
1823 724 1932 767 nos
1975 704 2277 777 ludamus,

458 832 638 879 unam
682 816 812 876 sino
858 828 1164 883 crescere,
1638 815 1700 871 et
1743 826 1923 888 quem
1966 807 2141 870 decet
2180 808 2308 870 fieri

458 917 650 980 donec
694 917 773 978 sit
814 922 1040 977 matura
1056 960 1073 986 ‚
1635 911 1841 974 ludum
1881 910 2165 971 faciamus
2182 955 2199 982 ,

459 1038 599 1100 spes
642 1030 739 1080 me
780 1019 921 1080 facit
965 1034 1237 1080 crescere
1637 1013 1808 1076 ambo
1852 1029 2060 1073 sumus
2104 1013 2323 1085 teneri,

457 1123 644 1208 letum
687 1137 1012 1183 reversura.
1637 1120 1842 1177 tenere
1884 1111 2175 1176 ludamus.

997 1287 1048 1340 4.
2174 1285 2222 1335 9.

463 1384 683 1458 Gratus
726 1406 907 1472 super
948 1393 1144 1454 omnia
1636 1375 1826 1451 ‘Jove'
1872 1405 2010 1449 cum
2050 1384 2352 1449 Mercurio

462 1488 635 1558 ludus
680 1499 774 1555 est
816 1491 1043 1577 puelle,
1637 1493 1904 1574 geminos
1947 1496 2187 1551 tenente

462 1603 525 1660 et
567 1598 694 1658 eius
738 1594 1044 1681 precordia
1637 1598 1699 1656 et
1741 1611 1776 1654 a
1817 1591 1964 1653 libra
2004 1591 2238 1654 Venere

462 1701 623 1762 omni
666 1705 870 1759 carent
910 1697 1081 1770 felle,
1636 1693 1890 1759 Martem
1933 1694 2262 1773 expellente

463 1806 600 1864 sunt
643 1817 760 1885 que
804 1805 1031 1883 prestat
1069 1799 1233 1862 basia
1636 1804 1772 1859 nata
1815 1802 1907 1857 est
1952 1796 2167 1878 cecilia

460 1900 726 1964 dulciora
768 1899 963 1962 melle.
1637 1908 1806 1963 tauro
1848 1900 1966 1961 iam
2009 1899 2247 1962 latente.

1006 2070 1055 2123 5.
1299 2056 1307 2066 '
2163 2067 2245 2122 10.

462 2162 660 2235 Amor
698 2171 875 2234 tralfit
918 2188 1170 2250 superos
1636 2166 1826 2239 Natus
1870 2192 1982 2253 ego
2024 2174 2246 2253 pariter

462 2273 717 2337 molliori
757 2284 939 2345 nem,
1636 2279 1745 2342 sul»
1789 2275 2017 2338 eisdem
2059 2275 2274 2353 signis,

465 2375 684 2456 rigidos
729 2381 792 2437 et
834 2392 1077 2456 asperos
1637 2396 1743 2460 par
1783 2379 1909 2458 pari
1954 2378 2301 2437 coniunctus
2345 2391 2479 2435 sum

463 2478 612 2541 duro
652 2478 867 2556 frangit
910 2476 1095 2550 flexu;
1636 2482 1864 2561 legibus
1905 2480 2206 2557 benignis,

464 2583 692 2662 capitur
734 2580 1132 2644 ‘rhinoceros’
1638 2602 1745 2664 par
1787 2584 1913 2664 pari
1955 2580 2215 2659 ignibus,

463 2684 703 2778 virginus
747 2684 1034 2762 amplexu.
1638 2703 1744 2768 par
1785 2683 2053 2749 accendit
2094 2682 2265 2761 ignis.

1005 2852 1053 2903 c.
1754 2853 1757 2854 ⁷
1841 2882 1845 2887 ·
1948 2839 1952 2843 “
2051 2844 2055 2848 ’
2106 2837 2110 2841 “
2157 2828 2238 2901 11.
2338 2855 2348 2864 ·

465 2941 664 3015 Amor
704 2952 881 3015 trahit
923 2971 1202 3031 superos,
1640 2946 1710 3019 Si
1754 2952 2008 3018 ‘valeret’
2052 2952 2358 3032 Zephyrus

468 3055 675 3117 Iovem
720 3060 875 3115 amat
918 3054 1071 3116 Juno
1090 3102 1106 3128 ,
1635 3061 1750 3121 ista
1793 3054 2207 3133 contemplari,

468 3162 664 3219 motus
707 3154 959 3239 prebens
1004 3156 1224 3239 etheris
1637 3159 1864 3221 Aurora
1906 3155 2303 3236 Tyndaridem
2390 3200 2396 3206 .

468 3262 721 3337 imperat
760 3257 1033 3337 Neptuno
1050 3304 1065 3329 ,
1640 3259 1823 3323 velles
1865 3258 2109 3348 imitari3

469 3360 640 3423 Pluto
684 3376 960 3438 premens
1004 3361 1227 3423 inferos
1642 3364 1783 3446 satis
1828 3361 2086 3439 quinque
2126 3357 2409 3419 'cederent

473 3464 630 3523 mitis
675 3467 766 3523 est
806 3460 919 3523 hoc
962 3480 1098 3523 uno.
1642 3464 1777 3528 huic
1822 3451 2157 3542 exemplari.

1013 3656 1062 3710 7.
1696 3711 1703 3721 ,
2127 3699 2131 3703 ,
2168 3652 2246 3703 12.

472 3750 648 3822 Ludo
693 3776 829 3820 cum
869 3758 1219 3837 virginibus,
1330 3775 1334 3779 ’
1648 3752 1718 3823 Si
1759 3761 2016 3822 futuram
2058 3748 2352 3818 cerneret
2477 3769 2481 3773 ’

476 3863 687 3925 horreo
732 3868 1034 3941 corruptas
1051 3908 1067 3932 ,
1646 3882 1784 3926 cum
1823 3862 1969 3923 beor
2010 3860 2258 3936 amicam

477 3973 538 4027 et
580 3982 715 4025 cum
760 3955 1166 4026 meretricibus
1646 3984 1763 4028 non
1810 3964 2006 4026 dotata
2044 3963 2297 4040 fronesls

478 4067 652 4130 simul
695 4066 791 4128 odi
835 4074 1076 4146 nuptas,
1429 4064 1431 4067 ’
1485 4126 1489 4129 ⁴
1647 4066 1930 4129 cederent
1971 4065 2240 4129 lecticam

477 4189 616 4233 nam
657 4170 717 4229 in
758 4170 887 4229 istis
931 4168 1144 4242 talibus
1649 4172 1700 4231 si
1742 4167 1902 4229 illam
1945 4184 2200 4250 querens
2244 4167 2556 4247 coniugem

476 4273 663 4351 turpis
707 4276 801 4331 est
842 4268 1128 4350 voluptas.
1647 4268 1949 4349 ‘relinquo’
1994 4269 2261 4330 anticam.
