3155 4946
1469 337 1594 408 133

382 519 537 582 felici
575 519 778 600 ligans·
810 518 1019 605 federe
1567 510 1704 592 plus
1746 516 1938 572 tremo
1984 525 2162 588 quam
2205 505 2546 587 patibulum.

385 639 564 702 quem
605 628 669 684 tu
714 621 841 683 sola
884 620 1230 702 percipere,
1567 605 1680 675 Est
1724 628 1868 690 ergo
1915 609 2159 690 dignum

274 780 277 782 ,
385 725 438 785 si
480 725 565 784 vis
610 729 787 803 potes
834 723 1192 800 extinguere.
1568 721 1758 779 virum
1800 715 2125 794 benignum

387 896 390 899 .
930 839 977 891 3.
1568 819 1752 883 vitare
1798 818 2069 896 signum,

390 915 687 1002 „Amoris
724 945 866 1007 spes
911 934 1006 988 est
1048 925 1251 998 dubia,
1569 919 1733 982 unde
1773 919 2091 997 malignum

389 1038 488 1093 aut
532 1034 705 1092 vei-‘ax
746 1037 847 1092 aut
888 1030 1209 1101 contraria,
1573 1040 1839 1084 murmur
1884 1022 2130 1083 cursitet
2170 1036 2281 1100 per
2321 1015 2662 1098 populum.“

391 1133 604 1193 amanti
644 1131 981 1192 necessaria
2121 1136 2170 1188 6.
2738 1115 2744 1120 “

391 1235 616 1296 virtutis
661 1241 750 1296 est
797 1235 1137 1295 constantia.
1574 1217 1782 1286 Times
1824 1226 1885 1285 in
1930 1239 2179 1292 vanum,

395 1326 523 1400 Sed
546 1338 782 1399 ceteris
825 1337 1131 1401 virtutibus
1580 1334 1701 1390 tam
1744 1333 1839 1388 est
1883 1341 2197 1394 arcanum,

397 1444 492 1501 est
531 1438 809 1518 patientia
910 1515 913 1518 ἦ
1244 1511 1246 1513 ¹
1584 1427 1749 1509 quod
1792 1443 1906 1489 nec
1949 1424 2283 1503 Vulcanum

399 1541 615 1617 amoris
659 1538 1014 1599 famulantia.
1154 1565 1157 1567 Α
1585 1549 1730 1594 curo
1775 1540 1912 1590 cum
1956 1526 2292 1607 sophisticis
2338 1523 2584 1586 catenis.

400 1631 528 1704 Sed
572 1647 633 1702 et
677 1643 931 1720 ‘ignem',
980 1641 1079 1720 qui
1124 1638 1401 1701 discurrit
1586 1622 2012 1694 stilbontis
2056 1645 2222 1690 more

398 1763 509 1826 per
551 1742 899 1827 precordia,
1393 1768 1396 1771 ¹
1586 1734 1786 1797 letheo
1829 1749 1965 1794 rore

400 1846 493 1909 fac
540 1844 875 1923 ‘extinguat’
919 1844 1046 1906 alis.
1588 1836 1841 1916 Argum,
1885 1849 2105 1914 sopore

403 1939 628 2011 Noster
671 1965 838 2009 amor
879 1964 1002 2009 non
1044 1946 1251 2007 furtiva
1269 1990 1284 2016 ,
1588 1953 1855 2016 premam
1898 1933 2091 1995 oculis
2136 1930 2353 1992 clausis
2396 1928 2683 1991 centenis.

404 2069 522 2113 non
569 2051 793 2129 fragilia
1008 2089 1011 2092 -
2126 2046 2183 2102 7.
2454 2024 2457 2025 ’
2501 2029 2507 2034 ’

409 2154 771 2234 amplexatur
813 2149 1081 2230 gaudia.“
1594 2131 1703 2218 „In
1746 2139 1963 2207 trutina
2007 2136 2224 2197 mentis
2270 2132 2443 2195 dubia

953 2268 1004 2319 4.
1593 2243 1879 2305 fluctuant
1923 2238 2217 2299 contraria

408 2349 564 2439 Ignis
610 2375 731 2439 quo
775 2356 1040 2426 crucior,
1592 2345 1848 2407 lascivus
1892 2356 2060 2402 amor
2104 2344 2166 2399 et
2207 2335 2507 2423 pudicitia.

410 2462 596 2525 immo
642 2479 764 2541 quo
806 2459 1060 2538 glorior,
1596 2437 1726 2530 Sed
1773 2444 1925 2523 eligo
1970 2438 2131 2521 quod
2175 2438 2388 2511 video,

408 2566 563 2644 ignis
608 2570 699 2626 est
743 2563 1067 2625 invisibilis.
1597 2551 1817 2612 collum
1858 2548 1998 2624 iugo
2042 2544 2303 2627 pr9b803
2413 2610 2416 2613 ,

414 2658 485 2729 Si
527 2683 649 2728 non
694 2667 1051 2746 extinguitur
1599 2651 1673 2716 ad
1714 2654 1915 2730 iugum
1958 2655 2157 2709 tamen
2202 2662 2384 2708 suave
2424 2633 2726 2707 transeo.“

415 2786 448 2830 a
493 2787 613 2849 quo
658 2760 1078 2835 succenditur,
2139 2764 2193 2815 8.
2812 2732 2817 2737 ⁴

413 2876 620 2931 manet
660 2865 1065 2947 inextinguilis.
1601 2848 1739 2918 Non
1785 2855 1937 2915 bene
1984 2850 2198 2913 dixeris

419 2960 533 3041 Est
577 2985 718 3046 ergo
761 2976 864 3029 tuo
897 2973 1151 3029 'munere
1601 2961 1803 3039 iugum
1848 2961 2144 3017 secretum
2192 2951 2477 3037 Veneris,

325 3121 338 3132 .
420 3090 520 3135 me
564 3072 715 3133 mori
757 3069 851 3132 vel
894 3086 991 3130 me
1038 3070 1253 3128 vivere.
1606 3078 1724 3140 quo
1769 3058 1851 3119 nil
1894 3056 2164 3125 liberius,
2509 3040 2512 3043 ⁴

963 3185 1014 3237 5.
1606 3162 1689 3223 nil
1733 3160 1966 3222 dulcius
1989 3202 2004 3226 ‚
2048 3156 2130 3217 nil
2175 3153 2405 3215 melius.
2464 3136 2468 3139 ⁴

429 3267 635 3356 „Quid
678 3275 860 3339 rere-rt
900 3292 1011 3355 pro
1055 3289 1120 3333 re
1162 3266 1421 3351 pendula
1611 3255 1665 3327 Ο
1712 3278 1889 3344 quam
1935 3258 2128 3319 dulcia

424 3377 547 3465 vite
587 3381 709 3461 pati
752 3374 1059 3460 pericula?
1611 3373 1752 3428 sunt
1792 3364 1907 3447 hec
1949 3358 2187 3440 gaudia!

427 3473 540 3545 Est
583 3487 783 3560 pater,
828 3485 920 3540 est
963 3483 1184 3548 mater,
1612 3467 1862 3529 Veneris
1902 3462 2055 3524 l'urta
2098 3465 2237 3520 sunt
2278 3457 2392 3535 pia.
2493 3526 2497 3531 ,
2561 3469 2565 3474 ’

393 3572 526 3646 ἐει
565 3581 774 3652 frater,
819 3581 921 3659 qui
968 3586 1175 3658 quater
1243 3589 1246 3590 ’
1612 3560 1772 3648 Ergo
1817 3581 2070 3646 propera
2178 3587 2184 3593 ·

432 3686 527 3747 die
571 3703 679 3745 me
713 3701 822 3763 pro
866 3690 927 3743 te
971 3681 1334 3761 corripiunt,
1613 3670 1688 3733 ad
1731 3670 1846 3752 hec
1893 3680 2170 3726 munera:

433 3793 525 3860 et,
567 3783 791 3847 vetulas
834 3800 944 3863 per
987 3779 1230 3842 cellulas
1338 3853 1341 3855 v
1616 3779 1819 3836 carent
1863 3767 2037 3831 laude
2085 3764 2243 3827 dona
2287 3778 2436 3825 sera.

434 3898 497 3952 et
536 3889 781 3951 iuvenes
826 3903 935 3969 per
979 3881 1256 3965 speculas
1562 3866 1566 3870 ⁴
2155 3881 2209 3934 9.
2546 3865 2548 3867 ’

436 3990 822 4076 deputantes,
868 4007 980 4051 nos
1026 3984 1394 4057 custodiunt,
1621 3969 2055 4055 „Dulcissime,
2271 3962 2274 3965 ⁴

437 4084 791 4175 Argumque
839 4089 1235 4153 centioculum
1616 4087 1800 4144 totam
1843 4077 1945 4139 tibi
1986 4072 2174 4136 subdo
2219 4075 2376 4132 me.“
