3155 4946
1064 489 1148 542 22.

543 580 756 653 Dixisti
800 590 876 653 de
918 590 1168 663 clerico,

542 695 705 775 quod
743 694 1011 774 indulget
1053 695 1196 767 sibi,

544 815 781 860 servum
824 800 1017 860 somni
1060 798 1328 861 nominas

542 907 603 962 et
645 906 821 980 potus
866 905 929 961 et
972 900 1112 972 cibi;

542 987 640 1063 sic'
674 1001 828 1063 solet
870 1001 940 1063 ab
982 1000 1181 1063 invido

540 1104 799 1183 probitas
842 1101 1115 1164 describi.

538 1205 695 1267 Ecce
738 1222 978 1285 parum,
1021 1209 1251 1284 patere,

540 1305 912 1385 respondebo
956 1305 1077 1369 tibi.

1055 1474 1143 1530 23.

538 1569 655 1642 Tot
696 1587 758 1641 et
798 1585 986 1653 tanta,
1028 1580 1250 1652 fateor,

537 1689 675 1745 sunt
718 1684 888 1744 amici
929 1683 1049 1744 mei
1066 1728 1082 1753 ,

536 1785 697 1864 quod
737 1803 1039 1865 nunquam
1078 1784 1388 1864 incogitat,

536 1885 729 1970 aliene
775 1888 896 1957 rei,

536 1986 722 2072 celle,
762 1985 988 2058 mellis,
1033 1986 1183 2058 olei,

538 2089 805 2161 Cereris,
851 2088 1031 2173 Lyei;

534 2208 769 2262 aurum,
814 2207 1046 2275 gemme
1062 2235 1079 2262 ‚
1123 2189 1335 2269 pocula

533 2289 886 2355 famulantur
929 2296 1003 2355 ei.

1046 2461 1129 2515 24.

533 2553 602 2627 In
643 2572 762 2628 tam
806 2564 962 2628 dulci
1005 2567 1175 2644 copia

529 2669 652 2751 vite
695 2666 979 2729 clericalis

531 2767 692 2847 quod
731 2786 850 2830 non
893 2773 1090 2848 potest
1134 2766 1324 2846 aliqua

529 2872 690 2951 pingi
732 2887 878 2932 voce
921 2867 1054 2931 talis
1071 2914 1087 2942 ,

526 2972 714 3043 volat,
759 2979 821 3033 et
863 2970 1187 3050 duplicibus

530 3091 767 3153 semper
807 3073 1030 3154 plaudit
1070 3073 1177 3135 alis

529 3192 692 3238 amor
732 3176 1074 3238 indeficiens
1090 3219 1107 3247 ,

527 3292 692 3337 amor
731 3276 1090 3339 immortalis.

1039 3437 1122 3488 25.

525 3530 723 3603 Sentit
764 3538 881 3602 tela
921 3539 1169 3601 Veneris
1274 3609 1281 3617 ,

525 3652 586 3707 et
628 3645 842 3705 amoris
884 3645 1071 3714 ictus,

520 3765 640 3808 non
683 3752 878 3807 tamen
921 3751 1015 3807 est
1057 3743 1305 3808 clericus

521 3867 720 3936 macer
763 3855 823 3910 ct
866 3846 1144 3921 afflictus,

524 3953 739 4030 quippe
783 3948 939 4010 nulla
982 3950 1154 4032 copie
1172 3995 1188 4020 ‚

520 4059 685 4132 parte
728 4050 1041 4113 derelictus
1060 4095 1077 4122 ,

522 4154 617 4214 cui
661 4149 980 4230 respondet
1021 4152 1247 4212 animus
1281 4232 1285 4237 .

519 4251 756 4338 domine
799 4270 919 4315 nou
959 4251 1147 4314 fictus.

1637 316 1759 388 158

2248 491 2330 544 26.

1722 582 1925 656 Macer
1966 602 2060 685 est
2103 603 2167 659 et
2207 596 2457 677 pallidus
2506 552 2514 587 Ξ

1721 702 1860 758 tuus
1904 698 2243 781 preelectus
2257 744 2273 770 ,

1720 815 1947 877 pauper
1990 805 2053 859 et
2091 801 2187 860 vix
2229 798 2406 878 pallio

1720 900 1848 961 sine
1893 898 2049 978 pelle
2093 906 2322 972 tectus,

1719 1017 1829 1063 nec
1871 1002 2029 1066 vires
2073 1020 2185 1064 nec
2229 1001 2511 1073 ‘animus'‚

1717 1121 1830 1164 nec
1873 1103 2181 1165 robustum
2221 1109 2432 1183 pectus
2449 1148 2465 1174 ,

1716 1223 1852 1267 nam
1894 1205 2035 1269 dum
2079 1224 2257 1269 causa
2299 1204 2523 1276 delicit,

1716 1306 1885 1369 deest
1928 1315 1991 1371 et
2034 1307 2303 1370 effectus.

2230 1475 2316 1527 27.

1712 1566 1926 1656 Turpis
1972 1583 2065 1639 est
2106 1578 2418 1657 pauperies

1709 1682 2022 1742 imminens
2066 1682 2309 1752 amanti,

1711 1782 1852 1862 quid
1893 1791 2162 1867 prestare
2205 1784 2423 1862 poterit

1710 1883 1879 1944 miles
1923 1882 2291 1963 postulanti?

1710 1984 1832 2047 Sed
1876 1983 1973 2047 dat
2016 1986 2199 2048 multa
2241 1986 2491 2049 clericus

1711 2091 1772 2148 et
1814 2104 1885 2148 ex
1927 2085 2311 2159 habundanti,

1706 2194 1870 2272 tante
1915 2196 2054 2250 sunt
2094 2187 2294 2274 divitie

1708 2289 2089 2372 redditusque
2133 2294 2293 2355 tanti.

2221 2461 2304 2513 28.

1702 2556 1879 2652 Flore
1922 2565 2139 2646 Phyllis
2183 2563 2384 2624 obicit:

1702 2668 1948 2731 multum
1993 2684 2059 2728 es
2100 2667 2288 2745 perita

1698 2771 1759 2831 in
1803 2775 2074 2848 ‘utroque
2118 2767 2348 2838 studio’‚

1696 2872 1758 2932 in
1800 2877 2048 2950 utraque
2090 2871 2236 2940 vita3

1698 2974 1838 3035 satis
1883 2972 2256 3054 probabiliter

1698 3094 1764 3137 es
1808 3075 2050 3154 pulchre
2096 3077 2356 3137 mentita.

1698 3176 1817 3238 Sed
1859 3177 1970 3238 hec
2015 3176 2314 3240 altercatio

1695 3295 1813 3338 non
1857 3278 2124 3357 quiescet
2152 3279 2263 3338 ita.

2208 3435 2292 3489 29.

1692 3529 1914 3603 Orbem
1956 3558 2089 3602 cum
2131 3540 2372 3625 letificat

1689 3645 1834 3707 hora
1877 3644 2023 3706 lucis
2064 3645 2219 3729 feste
2236 3692 2251 3717 ‚

1688 3754 1829 3809 tunc
1874 3755 2118 3827 apparet
2158 3745 2407 3809 clericus

1689 3852 1830 3910 satis
1873 3850 2183 3912 inhoneste

1687 3953 1748 4012 in
1791 3959 2032 4013 tonsura
2075 3954 2280 4031 capitis

1689 4059 1750 4114 ct
1789 4056 1850 4115 in
1895 4062 2016 4115 atra
2059 4060 2257 4125 veste,

1687 4162 1925 4234 portans
1968 4156 2371 4217 testimonium

1684 4254 1996 4320 voluntatis
2039 4263 2251 4341 meste.
