<?xml version="1.0" encoding="UTF-8"?>
<!DOCTYPE html PUBLIC "-//W3C//DTD XHTML 1.0 Transitional//EN"
    "http://www.w3.org/TR/xhtml1/DTD/xhtml1-transitional.dtd">
<html xmlns="http://www.w3.org/1999/xhtml" xml:lang="en" lang="en">
 <head>
  <title>
</title>
<meta http-equiv="Content-Type" content="text/html;charset=utf-8" />
  <meta name='ocr-system' content='tesseract 3.04.00' />
  <meta name='ocr-capabilities' content='ocr_page ocr_carea ocr_par ocr_line ocrx_word'/>
</head>
<body>
  <div class='ocr_page' id='page_1' title='image "./carminaburanala00unkngoog_0037.png"; bbox 0 0 3155 4946; ppageno 0'>
   <div class='ocr_carea' id='block_1_1' title="bbox 277 496 1167 1785">
    <p class='ocr_par' dir='ltr' id='par_1_1' title="bbox 277 496 1167 1785">
     <span class='ocr_line' id='line_1_1' title="bbox 858 496 909 553; baseline 0.078 -4"><span class='ocrx_word' id='word_1_1' title='bbox 858 496 909 553; x_wconf 75' lang='lat'><strong>5.</strong></span> 
     </span>
     <span class='ocr_line' id='line_1_2' title="bbox 318 585 968 680; baseline 0.012 -24"><span class='ocrx_word' id='word_1_2' title='bbox 318 585 429 659; x_wconf 86' lang='lat' dir='ltr'><strong>Lia</strong></span> <span class='ocrx_word' id='word_1_3' title='bbox 472 598 665 676; x_wconf 87' lang='lat' dir='ltr'><strong>placet</strong></span> <span class='ocrx_word' id='word_1_4' title='bbox 703 601 930 680; x_wconf 84' lang='lat' dir='ltr'>lipposa</span> <span class='ocrx_word' id='word_1_5' title='bbox 953 647 968 672; x_wconf 92' lang='lat'>,</span> 
     </span>
     <span class='ocr_line' id='line_1_3' title="bbox 318 695 1167 778; baseline 0.012 -20"><span class='ocrx_word' id='word_1_6' title='bbox 318 695 429 759; x_wconf 91' lang='lat' dir='ltr'><strong>sed</strong></span> <span class='ocrx_word' id='word_1_7' title='bbox 472 698 690 760; x_wconf 78' lang='lat' dir='ltr'>Rachel</span> <span class='ocrx_word' id='word_1_8' title='bbox 732 699 835 764; x_wconf 88' lang='lat' dir='ltr'><strong>flet</strong></span> <span class='ocrx_word' id='word_1_9' title='bbox 875 703 1167 778; x_wconf 79' lang='lat' dir='ltr'><strong>formosa,</strong></span> 
     </span>
     <span class='ocr_line' id='line_1_4' title="bbox 319 798 1153 886; baseline 0.012 -27"><span class='ocrx_word' id='word_1_10' title='bbox 319 815 443 882; x_wconf 70' lang='lat' dir='ltr'><strong>que</strong></span> <span class='ocrx_word' id='word_1_11' title='bbox 486 798 585 862; x_wconf 91' lang='lat' dir='ltr'><strong>diu</strong></span> <span class='ocrx_word' id='word_1_12' title='bbox 631 818 875 864; x_wconf 88' lang='lat' dir='ltr'><strong>manens</strong></span> <span class='ocrx_word' id='word_1_13' title='bbox 920 807 1132 869; x_wconf 86' lang='lat' dir='ltr'><strong>sterilis</strong></span> <span class='ocrx_word' id='word_1_14' title='bbox 1148 878 1153 886; x_wconf 9' lang='lat' dir='ltr'><strong>y,</strong></span> 
     </span>
     <span class='ocr_line' id='line_1_5' title="bbox 318 899 1127 970; baseline 0.011 -9"><span class='ocrx_word' id='word_1_15' title='bbox 318 899 393 961; x_wconf 87' lang='lat' dir='ltr'><strong>ob</strong></span> <span class='ocrx_word' id='word_1_16' title='bbox 438 901 840 965; x_wconf 85' lang='lat' dir='ltr'><strong>inmanitatem</strong></span> <span class='ocrx_word' id='word_1_17' title='bbox 885 906 1127 970; x_wconf 90' lang='lat' dir='ltr'><strong>sceleris</strong></span> 
     </span>
     <span class='ocr_line' id='line_1_6' title="bbox 312 1003 838 1078; baseline 0.008 -18"><span class='ocrx_word' id='word_1_18' title='bbox 312 1008 558 1078; x_wconf 86' lang='lat' dir='ltr'><strong>generat</strong></span> <span class='ocrx_word' id='word_1_19' title='bbox 592 1003 838 1074; x_wconf 80' lang='lat' dir='ltr'><strong>aneilla,</strong></span> 
     </span>
     <span class='ocr_line' id='line_1_7' title="bbox 312 1101 969 1167; baseline 0.011 -7"><span class='ocrx_word' id='word_1_20' title='bbox 312 1117 450 1161; x_wconf 88' lang='lat' dir='ltr'><strong>nam</strong></span> <span class='ocrx_word' id='word_1_21' title='bbox 492 1101 650 1163; x_wconf 83' lang='lat' dir='ltr'><strong>Raab</strong></span> <span class='ocrx_word' id='word_1_22' title='bbox 693 1105 969 1167; x_wconf 71' lang='lat' dir='ltr'><strong>‘anicilla&#39;v</strong></span> 
     </span>
     <span class='ocr_line' id='line_1_8' title="bbox 312 1204 1039 1280; baseline 0.008 -17"><span class='ocrx_word' id='word_1_23' title='bbox 312 1220 522 1264; x_wconf 86' lang='lat' dir='ltr'><strong>navem</strong></span> <span class='ocrx_word' id='word_1_24' title='bbox 564 1204 768 1266; x_wconf 88' lang='lat' dir='ltr'><strong>mundi</strong></span> <span class='ocrx_word' id='word_1_25' title='bbox 812 1209 1039 1280; x_wconf 88' lang='lat' dir='ltr'><strong>mersit,</strong></span> 
     </span>
     <span class='ocr_line' id='line_1_9' title="bbox 277 1300 929 1386; baseline 0.011 -24"><span class='ocrx_word' id='word_1_26' title='bbox 277 1300 608 1366; x_wconf 74' lang='lat' dir='ltr'><strong>,discordia</strong></span> <span class='ocrx_word' id='word_1_27' title='bbox 653 1305 929 1386; x_wconf 73' lang='lat' dir='ltr'><strong>dispersit</strong></span> 
     </span>
     <span class='ocr_line' id='line_1_10' title="bbox 311 1405 898 1481; baseline 0.015 -18"><span class='ocrx_word' id='word_1_28' title='bbox 311 1405 516 1465; x_wconf 83' lang='lat' dir='ltr'><strong>mortis</strong></span> <span class='ocrx_word' id='word_1_29' title='bbox 559 1410 860 1471; x_wconf 86' lang='lat' dir='ltr'><strong>seminaria</strong></span> <span class='ocrx_word' id='word_1_30' title='bbox 879 1453 898 1481; x_wconf 91' lang='lat'>‚</span> 
     </span>
     <span class='ocr_line' id='line_1_11' title="bbox 310 1506 979 1573; baseline 0.013 -8"><span class='ocrx_word' id='word_1_31' title='bbox 310 1510 371 1566; x_wconf 89' lang='lat' dir='ltr'><strong>et</strong></span> <span class='ocrx_word' id='word_1_32' title='bbox 414 1506 613 1570; x_wconf 89' lang='lat' dir='ltr'><strong>mundi</strong></span> <span class='ocrx_word' id='word_1_33' title='bbox 653 1507 979 1573; x_wconf 75' lang='lat' dir='ltr'><strong>luminaria</strong></span> 
     </span>
     <span class='ocr_line' id='line_1_12' title="bbox 307 1604 920 1685; baseline 0.018 -20"><span class='ocrx_word' id='word_1_34' title='bbox 307 1604 596 1669; x_wconf 85' lang='lat' dir='ltr'><strong>luminant</strong></span> <span class='ocrx_word' id='word_1_35' title='bbox 626 1612 886 1675; x_wconf 55' lang='lat' dir='ltr'><strong>&gt;obscure</strong></span> <span class='ocrx_word' id='word_1_36' title='bbox 903 1658 920 1685; x_wconf 92' lang='lat'><strong>,</strong></span> 
     </span>
     <span class='ocr_line' id='line_1_13' title="bbox 306 1710 988 1785; baseline 0.012 -18"><span class='ocrx_word' id='word_1_37' title='bbox 306 1710 480 1785; x_wconf 88' lang='lat' dir='ltr'><strong>pauci</strong></span> <span class='ocrx_word' id='word_1_38' title='bbox 521 1711 719 1772; x_wconf 80' lang='lat' dir='ltr'><strong>vivunt</strong></span> <span class='ocrx_word' id='word_1_39' title='bbox 760 1730 988 1775; x_wconf 90' lang='lat' dir='ltr'><strong>secure.</strong></span> 
     </span>
    </p>
   </div>
   <div class='ocr_carea' id='block_1_2' title="bbox 212 1971 1168 3167">
    <p class='ocr_par' dir='ltr' id='par_1_2' title="bbox 301 1971 1095 2464">
     <span class='ocr_line' id='line_1_14' title="bbox 302 1971 949 2065; baseline 0.008 -23"><span class='ocrx_word' id='word_1_40' title='bbox 302 1971 601 2046; x_wconf 86' lang='lat' dir='ltr'><strong>Doctores</strong></span> <span class='ocrx_word' id='word_1_41' title='bbox 643 1986 949 2065; x_wconf 88' lang='lat' dir='ltr'><strong>apostolici</strong></span> 
     </span>
     <span class='ocr_line' id='line_1_15' title="bbox 304 2085 944 2148; baseline 0.008 -5"><span class='ocrx_word' id='word_1_42' title='bbox 304 2089 366 2144; x_wconf 86' lang='lat' dir='ltr'><strong>et</strong></span> <span class='ocrx_word' id='word_1_43' title='bbox 404 2085 631 2147; x_wconf 87' lang='lat' dir='ltr'><strong>iudices</strong></span> <span class='ocrx_word' id='word_1_44' title='bbox 670 2086 944 2148; x_wconf 77' lang='lat' dir='ltr'><strong>katholici</strong></span> 
     </span>
     <span class='ocr_line' id='line_1_16' title="bbox 305 2184 1095 2266; baseline 0.004 -20"><span class='ocrx_word' id='word_1_45' title='bbox 305 2184 539 2266; x_wconf 73' lang='lat' dir='ltr'><strong>quidam</strong></span> <span class='ocrx_word' id='word_1_46' title='bbox 580 2187 787 2249; x_wconf 85' lang='lat' dir='ltr'><strong>colunt</strong></span> <span class='ocrx_word' id='word_1_47' title='bbox 825 2187 1095 2251; x_wconf 78' lang='lat' dir='ltr'><strong>Albinum</strong></span> 
     </span>
     <span class='ocr_line' id='line_1_17' title="bbox 303 2286 992 2366; baseline 0.003 -17"><span class='ocrx_word' id='word_1_48' title='bbox 303 2293 363 2350; x_wconf 84' lang='lat' dir='ltr'><strong>et</strong></span> <span class='ocrx_word' id='word_1_49' title='bbox 403 2286 649 2366; x_wconf 84' lang='lat' dir='ltr'><strong>diligunt</strong></span> <span class='ocrx_word' id='word_1_50' title='bbox 688 2289 992 2362; x_wconf 83' lang='lat' dir='ltr'><strong>Rufinum,</strong></span> 
     </span>
     <span class='ocr_line' id='line_1_18' title="bbox 301 2389 873 2464; baseline 0.005 -14"><span class='ocrx_word' id='word_1_51' title='bbox 301 2395 539 2450; x_wconf 79' lang='lat' dir='ltr'><strong>cessant</strong></span> <span class='ocrx_word' id='word_1_52' title='bbox 579 2389 873 2464; x_wconf 88' lang='lat' dir='ltr'><strong>iudicare,</strong></span> 
     </span>
    </p>

    <p class='ocr_par' dir='ltr' id='par_1_3' title="bbox 300 2489 968 2555">
     <span class='ocr_line' id='line_1_19' title="bbox 300 2489 968 2555; baseline 0.006 -4"><span class='ocrx_word' id='word_1_53' title='bbox 300 2496 362 2551; x_wconf 92' lang='lat' dir='ltr'><strong>et</strong></span> <span class='ocrx_word' id='word_1_54' title='bbox 405 2489 645 2552; x_wconf 76' lang='lat' dir='ltr'><strong>student</strong></span> <span class='ocrx_word' id='word_1_55' title='bbox 688 2491 968 2555; x_wconf 73' lang='lat' dir='ltr'><strong>devorare</strong></span> 
     </span>
    </p>

    <p class='ocr_par' dir='ltr' id='par_1_4' title="bbox 212 2594 1148 3071">
     <span class='ocr_line' id='line_1_20' title="bbox 212 2594 1148 2670; baseline 0.006 -19"><span class='ocrx_word' id='word_1_56' title='bbox 212 2627 213 2630; x_wconf 59' lang='lat'><em>=</em></span> <span class='ocrx_word' id='word_1_57' title='bbox 294 2608 538 2670; x_wconf 85' lang='lat' dir='ltr'><strong>gregem</strong></span> <span class='ocrx_word' id='word_1_58' title='bbox 581 2594 691 2653; x_wconf 90' lang='lat' dir='ltr'><strong>sibi</strong></span> <span class='ocrx_word' id='word_1_59' title='bbox 733 2595 1148 2666; x_wconf 80' lang='lat' dir='ltr'><strong>commissum3</strong></span> 
     </span>
     <span class='ocr_line' id='line_1_21' title="bbox 293 2690 1139 2773; baseline 0.005 -20"><span class='ocrx_word' id='word_1_60' title='bbox 293 2691 355 2753; x_wconf 83' lang='lat' dir='ltr'><strong>hi</strong></span> <span class='ocrx_word' id='word_1_61' title='bbox 399 2690 616 2755; x_wconf 84' lang='lat' dir='ltr'><strong>cadunt</strong></span> <span class='ocrx_word' id='word_1_62' title='bbox 655 2696 716 2757; x_wconf 90' lang='lat' dir='ltr'><strong>in</strong></span> <span class='ocrx_word' id='word_1_63' title='bbox 759 2696 1068 2773; x_wconf 70' lang='lat' dir='ltr'><strong>abyssum,</strong></span> <span class='ocrx_word' id='word_1_64' title='bbox 1134 2742 1139 2745; x_wconf 63' lang='grc'><strong>.</strong></span> 
     </span>
     <span class='ocr_line' id='line_1_22' title="bbox 293 2792 1068 2881; baseline 0.009 -28"><span class='ocrx_word' id='word_1_65' title='bbox 293 2793 347 2854; x_wconf 86' lang='lat' dir='ltr'><strong>si</strong></span> <span class='ocrx_word' id='word_1_66' title='bbox 389 2793 575 2877; x_wconf 65' lang='lat' dir='ltr'><strong>cecus</strong></span> <span class='ocrx_word' id='word_1_67' title='bbox 615 2792 776 2857; x_wconf 84' lang='lat' dir='ltr'><strong>ducit</strong></span> <span class='ocrx_word' id='word_1_68' title='bbox 815 2814 1027 2881; x_wconf 70' lang='lat' dir='ltr'><strong>cecum</strong></span> <span class='ocrx_word' id='word_1_69' title='bbox 1050 2840 1068 2867; x_wconf 86' lang='lat'><strong>,</strong></span> 
     </span>
     <span class='ocr_line' id='line_1_23' title="bbox 290 2890 1097 2974; baseline 0.001 -20"><span class='ocrx_word' id='word_1_70' title='bbox 290 2893 355 2955; x_wconf 79' lang='lat' dir='ltr'><strong>in·</strong></span> <span class='ocrx_word' id='word_1_71' title='bbox 383 2890 620 2974; x_wconf 65' lang='lat' dir='ltr'><strong>iussam</strong></span> <span class='ocrx_word' id='word_1_72' title='bbox 662 2894 821 2959; x_wconf 81' lang='lat' dir='ltr'><strong>cadit</strong></span> <span class='ocrx_word' id='word_1_73' title='bbox 858 2912 1097 2965; x_wconf 85' lang='lat' dir='ltr'><strong>secum;</strong></span> 
     </span>
     <span class='ocr_line' id='line_1_24' title="bbox 290 2985 1041 3071; baseline 0.003 -16"><span class='ocrx_word' id='word_1_74' title='bbox 290 2985 353 3055; x_wconf 78' lang='lat' dir='ltr'><strong>hi</strong></span> <span class='ocrx_word' id='word_1_75' title='bbox 386 2995 542 3064; x_wconf 63' lang='lat' dir='ltr'><strong>,tales</strong></span> <span class='ocrx_word' id='word_1_76' title='bbox 586 2998 1041 3071; x_wconf 77' lang='lat' dir='ltr'><strong>subsannantur,</strong></span> 
     </span>
    </p>

    <p class='ocr_par' dir='ltr' id='par_1_5' title="bbox 243 3095 1168 3167">
     <span class='ocr_line' id='line_1_25' title="bbox 243 3095 1168 3167; baseline 0.003 -13"><span class='ocrx_word' id='word_1_77' title='bbox 243 3130 246 3133; x_wconf 87' lang='lat'><em>-</em></span> <span class='ocrx_word' id='word_1_78' title='bbox 291 3100 352 3155; x_wconf 85' lang='lat' dir='ltr'><strong>et</strong></span> <span class='ocrx_word' id='word_1_79' title='bbox 391 3095 543 3167; x_wconf 74' lang='lat' dir='ltr'><strong>intra</strong></span> <span class='ocrx_word' id='word_1_80' title='bbox 586 3104 773 3160; x_wconf 86' lang='lat' dir='ltr'><strong>csstra</strong></span> <span class='ocrx_word' id='word_1_81' title='bbox 818 3101 1168 3160; x_wconf 77' lang='lat' dir='ltr'><strong>cremantur.</strong></span> 
     </span>
    </p>
   </div>
   <div class='ocr_carea' id='block_1_3' title="bbox 244 3242 1082 3708">
    <p class='ocr_par' dir='ltr' id='par_1_6' title="bbox 530 3242 956 3295">
     <span class='ocr_line' id='line_1_26' title="bbox 530 3242 956 3295; baseline 0.014 -7"><span class='ocrx_word' id='word_1_82' title='bbox 530 3289 535 3295; x_wconf 78' lang='grc'><em>,</em></span> <span class='ocrx_word' id='word_1_83' title='bbox 821 3242 868 3293; x_wconf 82' lang='grc'><strong>7.</strong></span> <span class='ocrx_word' id='word_1_84' title='bbox 951 3245 956 3251; x_wconf 84' lang='grc'><strong>’</strong></span> 
     </span>
    </p>

    <p class='ocr_par' dir='ltr' id='par_1_7' title="bbox 244 3322 930 3517">
     <span class='ocr_line' id='line_1_27' title="bbox 244 3322 835 3430; baseline 0.014 -32"><span class='ocrx_word' id='word_1_85' title='bbox 244 3322 248 3326; x_wconf 36' lang='lat'><strong>⁴</strong></span> <span class='ocrx_word' id='word_1_86' title='bbox 287 3328 569 3422; x_wconf 75' lang='lat' dir='ltr'><strong>Episcopi</strong></span> <span class='ocrx_word' id='word_1_87' title='bbox 609 3330 835 3430; x_wconf 71' lang='lat' dir='ltr'><strong>comitti</strong></span> 
     </span>
     <span class='ocr_line' id='line_1_28' title="bbox 292 3431 930 3517; baseline 0.009 -17"><span class='ocrx_word' id='word_1_88' title='bbox 292 3431 640 3503; x_wconf 84' lang='lat' dir='ltr'><strong>conticuere</strong></span> <span class='ocrx_word' id='word_1_89' title='bbox 681 3445 854 3517; x_wconf 88' lang='lat' dir='ltr'><strong>muti,</strong></span> <span class='ocrx_word' id='word_1_90' title='bbox 926 3459 930 3463; x_wconf 51' lang='lat'>*</span> 
     </span>
    </p>

    <p class='ocr_par' dir='ltr' id='par_1_8' title="bbox 283 3526 1082 3708">
     <span class='ocr_line' id='line_1_29' title="bbox 283 3526 1082 3626; baseline 0.01 -24"><span class='ocrx_word' id='word_1_91' title='bbox 283 3540 359 3603; x_wconf 79' lang='lat' dir='ltr'><strong>sd</strong></span> <span class='ocrx_word' id='word_1_92' title='bbox 403 3526 649 3626; x_wconf 71' lang='lat' dir='ltr'><strong>predam</strong></span> <span class='ocrx_word' id='word_1_93' title='bbox 693 3550 831 3606; x_wconf 86' lang='lat' dir='ltr'><strong>sunt</strong></span> <span class='ocrx_word' id='word_1_94' title='bbox 871 3550 1082 3625; x_wconf 73' lang='lat' dir='ltr'><strong>parati,</strong></span> 
     </span>
     <span class='ocr_line' id='line_1_30' title="bbox 287 3641 1038 3708; baseline 0.008 -5"><span class='ocrx_word' id='word_1_95' title='bbox 287 3647 349 3704; x_wconf 88' lang='lat' dir='ltr'><strong>et</strong></span> <span class='ocrx_word' id='word_1_96' title='bbox 389 3641 736 3705; x_wconf 78' lang='lat' dir='ltr'><strong>indecenter</strong></span> <span class='ocrx_word' id='word_1_97' title='bbox 779 3648 1038 3708; x_wconf 84' lang='lat' dir='ltr'><strong>coronati</strong></span> 
     </span>
    </p>
   </div>
   <div class='ocr_carea' id='block_1_4' title="bbox 284 3737 1165 3840">
    <p class='ocr_par' dir='ltr' id='par_1_9' title="bbox 284 3737 1165 3840">
     <span class='ocr_line' id='line_1_31' title="bbox 284 3737 1165 3840; baseline 0.011 -37"><span class='ocrx_word' id='word_1_98' title='bbox 284 3759 397 3822; x_wconf 86' lang='lat' dir='ltr'><strong>pro</strong></span> <span class='ocrx_word' id='word_1_99' title='bbox 437 3737 595 3823; x_wconf 77' lang='lat' dir='ltr'><strong>virge</strong></span> <span class='ocrx_word' id='word_1_100' title='bbox 638 3744 838 3810; x_wconf 79' lang='lat' dir='ltr'><strong>ferunt</strong></span> <span class='ocrx_word' id='word_1_101' title='bbox 877 3746 1130 3840; x_wconf 73' lang='lat' dir='ltr'><strong>lanceam</strong></span> <span class='ocrx_word' id='word_1_102' title='bbox 1145 3794 1165 3823; x_wconf 87' lang='lat'><strong>‚</strong></span> 
     </span>
    </p>
   </div>
   <div class='ocr_carea' id='block_1_5' title="bbox 273 3842 1087 4328">
    <p class='ocr_par' dir='ltr' id='par_1_10' title="bbox 273 3842 1059 4225">
     <span class='ocr_line' id='line_1_32' title="bbox 279 3842 909 3922; baseline 0.013 -21"><span class='ocrx_word' id='word_1_103' title='bbox 279 3859 389 3921; x_wconf 86' lang='lat' dir='ltr'><strong>pro</strong></span> <span class='ocrx_word' id='word_1_104' title='bbox 431 3842 610 3904; x_wconf 77' lang='lat' dir='ltr'><strong>infula</strong></span> <span class='ocrx_word' id='word_1_105' title='bbox 650 3844 909 3922; x_wconf 79' lang='lat' dir='ltr'><strong>galeam,</strong></span> 
     </span>
     <span class='ocr_line' id='line_1_33' title="bbox 278 3941 1011 4023; baseline 0.011 -21"><span class='ocrx_word' id='word_1_106' title='bbox 278 3941 535 4021; x_wconf 85' lang='lat' dir='ltr'><strong>clipeum</strong></span> <span class='ocrx_word' id='word_1_107' title='bbox 576 3962 685 4023; x_wconf 86' lang='lat' dir='ltr'><strong>pro</strong></span> <span class='ocrx_word' id='word_1_108' title='bbox 728 3949 908 4020; x_wconf 85' lang='lat' dir='ltr'><strong>stola,</strong></span> <span class='ocrx_word' id='word_1_109' title='bbox 1002 3952 1011 3986; x_wconf 53' lang='grc' dir='ltr'>ἵ</span> 
     </span>
     <span class='ocr_line' id='line_1_34' title="bbox 279 4040 1059 4128; baseline 0.014 -27"><span class='ocrx_word' id='word_1_110' title='bbox 279 4040 416 4126; x_wconf 64' lang='lat' dir='ltr'><strong>[hec</strong></span> <span class='ocrx_word' id='word_1_111' title='bbox 458 4046 660 4106; x_wconf 86' lang='lat' dir='ltr'><strong>mortis</strong></span> <span class='ocrx_word' id='word_1_112' title='bbox 703 4048 812 4108; x_wconf 87' lang='lat' dir='ltr'><strong>erit</strong></span> <span class='ocrx_word' id='word_1_113' title='bbox 855 4049 1059 4128; x_wconf 79' lang='lat' dir='ltr'><strong>mola,]</strong></span> 
     </span>
     <span class='ocr_line' id='line_1_35' title="bbox 273 4130 877 4225; baseline 0.012 -22"><span class='ocrx_word' id='word_1_114' title='bbox 273 4130 519 4205; x_wconf 72' lang='lat' dir='ltr'><strong>loricem</strong></span> <span class='ocrx_word' id='word_1_115' title='bbox 559 4162 669 4225; x_wconf 84' lang='lat' dir='ltr'><strong>pro</strong></span> <span class='ocrx_word' id='word_1_116' title='bbox 710 4148 877 4222; x_wconf 79' lang='lat' dir='ltr'><strong>alha‚·</strong></span> 
     </span>
    </p>

    <p class='ocr_par' dir='ltr' id='par_1_11' title="bbox 277 4235 1087 4328">
     <span class='ocr_line' id='line_1_36' title="bbox 277 4235 1087 4328; baseline 0.014 -25"><span class='ocrx_word' id='word_1_117' title='bbox 277 4242 413 4327; x_wconf 69' lang='lat' dir='ltr'><strong>[hec</strong></span> <span class='ocrx_word' id='word_1_118' title='bbox 456 4250 692 4310; x_wconf 80' lang='lat' dir='ltr'><strong>occasio</strong></span> <span class='ocrx_word' id='word_1_119' title='bbox 737 4235 896 4316; x_wconf 49' lang='lat' dir='ltr'><strong>calba</strong></span> <span class='ocrx_word' id='word_1_120' title='bbox 909 4248 949 4328; x_wconf 86' lang='lat'><strong>‚]</strong></span> <span class='ocrx_word' id='word_1_121' title='bbox 1081 4320 1087 4325; x_wconf 64' lang='grc'><strong>,</strong></span> 
     </span>
    </p>
   </div>
   <div class='ocr_carea' id='block_1_6' title="bbox 1438 355 1515 423">
    <p class='ocr_par' dir='ltr' id='par_1_12' title="bbox 1438 355 1515 423">
     <span class='ocr_line' id='line_1_37' title="bbox 1438 355 1515 423; baseline 0.039 -3"><span class='ocrx_word' id='word_1_122' title='bbox 1438 355 1515 423; x_wconf 89' lang='grc'><strong>15</strong></span> 
     </span>
    </p>
   </div>
   <div class='ocr_carea' id='block_1_7' title="bbox 1465 512 2581 3106">
    <p class='ocr_par' dir='ltr' id='par_1_13' title="bbox 1491 512 2190 690">
     <span class='ocr_line' id='line_1_38' title="bbox 1494 512 2190 592; baseline 0.011 -20"><span class='ocrx_word' id='word_1_123' title='bbox 1494 512 1714 592; x_wconf 86' lang='lat' dir='ltr'><strong>pellem</strong></span> <span class='ocrx_word' id='word_1_124' title='bbox 1755 531 1863 592; x_wconf 89' lang='lat' dir='ltr'><strong>pro</strong></span> <span class='ocrx_word' id='word_1_125' title='bbox 1905 515 2190 580; x_wconf 85' lang='lat' dir='ltr'><strong>humerali</strong></span> 
     </span>
     <span class='ocr_line' id='line_1_39' title="bbox 1491 615 2067 690; baseline 0.016 -18"><span class='ocrx_word' id='word_1_126' title='bbox 1491 629 1599 690; x_wconf 86' lang='lat' dir='ltr'><strong>pro</strong></span> <span class='ocrx_word' id='word_1_127' title='bbox 1641 615 1754 676; x_wconf 89' lang='lat' dir='ltr'><strong>ritu</strong></span> <span class='ocrx_word' id='word_1_128' title='bbox 1798 616 2067 682; x_wconf 85' lang='lat' dir='ltr'><strong>seculari.</strong></span> 
     </span>
    </p>

    <p class='ocr_par' dir='ltr' id='par_1_14' title="bbox 1472 734 2246 2007">
     <span class='ocr_line' id='line_1_40' title="bbox 2021 734 2075 787; baseline 0.037 -2"><span class='ocrx_word' id='word_1_129' title='bbox 2021 734 2075 787; x_wconf 84' lang='lat'><strong>8.</strong></span> 
     </span>
     <span class='ocr_line' id='line_1_41' title="bbox 1490 803 2240 893; baseline 0.015 -20"><span class='ocrx_word' id='word_1_130' title='bbox 1490 803 1661 875; x_wconf 91' lang='lat' dir='ltr'><strong>Sicut</strong></span> <span class='ocrx_word' id='word_1_131' title='bbox 1701 814 1884 878; x_wconf 82' lang='lat' dir='ltr'><strong>fortes</strong></span> <span class='ocrx_word' id='word_1_132' title='bbox 1925 820 2240 893; x_wconf 87' lang='lat' dir='ltr'><strong>incedunt,</strong></span> 
     </span>
     <span class='ocr_line' id='line_1_42' title="bbox 1487 915 2178 994; baseline 0.012 -18"><span class='ocrx_word' id='word_1_133' title='bbox 1487 922 1549 976; x_wconf 89' lang='lat' dir='ltr'><strong>et</strong></span> <span class='ocrx_word' id='word_1_134' title='bbox 1589 932 1621 976; x_wconf 91' lang='lat' dir='ltr'><strong>a</strong></span> <span class='ocrx_word' id='word_1_135' title='bbox 1663 915 1791 977; x_wconf 88' lang='lat' dir='ltr'><strong>Deo</strong></span> <span class='ocrx_word' id='word_1_136' title='bbox 1835 916 2178 994; x_wconf 87' lang='lat' dir='ltr'><strong>discedunt,</strong></span> 
     </span>
     <span class='ocr_line' id='line_1_43' title="bbox 1484 1017 2075 1083; baseline 0.01 -6"><span class='ocrx_word' id='word_1_137' title='bbox 1484 1024 1550 1078; x_wconf 89' lang='lat' dir='ltr'><strong>ut</strong></span> <span class='ocrx_word' id='word_1_138' title='bbox 1591 1017 1801 1078; x_wconf 88' lang='lat' dir='ltr'><strong>leones</strong></span> <span class='ocrx_word' id='word_1_139' title='bbox 1844 1017 2075 1083; x_wconf 78' lang='lat' dir='ltr'><strong>feroces</strong></span> 
     </span>
     <span class='ocr_line' id='line_1_44' title="bbox 1486 1118 2199 1201; baseline 0.014 -25"><span class='ocrx_word' id='word_1_140' title='bbox 1486 1123 1546 1177; x_wconf 88' lang='lat' dir='ltr'><strong>et</strong></span> <span class='ocrx_word' id='word_1_141' title='bbox 1590 1124 1653 1178; x_wconf 88' lang='lat' dir='ltr'><strong>ut</strong></span> <span class='ocrx_word' id='word_1_142' title='bbox 1694 1118 1887 1201; x_wconf 67' lang='lat' dir='ltr'><strong>equile</strong></span> <span class='ocrx_word' id='word_1_143' title='bbox 1931 1123 2199 1201; x_wconf 85' lang='lat' dir='ltr'><strong>veloces,</strong></span> 
     </span>
     <span class='ocr_line' id='line_1_45' title="bbox 1483 1215 2094 1296; baseline 0.013 -19"><span class='ocrx_word' id='word_1_144' title='bbox 1483 1222 1546 1278; x_wconf 87' lang='lat' dir='ltr'><strong>ut</strong></span> <span class='ocrx_word' id='word_1_145' title='bbox 1589 1220 1712 1296; x_wconf 86' lang='lat' dir='ltr'><strong>apri</strong></span> <span class='ocrx_word' id='word_1_146' title='bbox 1752 1215 2094 1285; x_wconf 81' lang='lat' dir='ltr'><strong>frendentes</strong></span> 
     </span>
     <span class='ocr_line' id='line_1_46' title="bbox 1484 1320 2053 1396; baseline 0.011 -17"><span class='ocrx_word' id='word_1_147' title='bbox 1484 1335 1769 1382; x_wconf 80' lang='lat' dir='ltr'><strong>exacuere</strong></span> <span class='ocrx_word' id='word_1_148' title='bbox 1814 1320 2053 1396; x_wconf 88' lang='lat' dir='ltr'><strong>dentes,</strong></span> 
     </span>
     <span class='ocr_line' id='line_1_47' title="bbox 1478 1419 2161 1506; baseline 0.016 -27"><span class='ocrx_word' id='word_1_149' title='bbox 1478 1419 1704 1498; x_wconf 76' lang='lat' dir='ltr'><strong>linguas</strong></span> <span class='ocrx_word' id='word_1_150' title='bbox 1746 1428 1813 1483; x_wconf 90' lang='lat' dir='ltr'><strong>ut</strong></span> <span class='ocrx_word' id='word_1_151' title='bbox 1852 1434 2161 1506; x_wconf 76' lang='lat' dir='ltr'><strong>serpentes</strong></span> 
     </span>
     <span class='ocr_line' id='line_1_48' title="bbox 1478 1527 2226 1636; baseline 0.019 -57"><span class='ocrx_word' id='word_1_152' title='bbox 1478 1537 1738 1598; x_wconf 88' lang='lat' dir='ltr'><strong>pugnare</strong></span> <span class='ocrx_word' id='word_1_153' title='bbox 1781 1540 1902 1585; x_wconf 88' lang='lat' dir='ltr'><strong>non</strong></span> <span class='ocrx_word' id='word_1_154' title='bbox 1937 1527 2198 1592; x_wconf 84' lang='lat' dir='ltr'><strong>valentes</strong></span> <span class='ocrx_word' id='word_1_155' title='bbox 2193 1576 2226 1636; x_wconf 58' lang='lat' dir='ltr'><em>s</em></span> 
     </span>
     <span class='ocr_line' id='line_1_49' title="bbox 1480 1621 2183 1691; baseline 0.016 -11"><span class='ocrx_word' id='word_1_156' title='bbox 1480 1621 1701 1683; x_wconf 88' lang='lat' dir='ltr'><strong>mundo</strong></span> <span class='ocrx_word' id='word_1_157' title='bbox 1747 1629 2183 1691; x_wconf 82' lang='lat' dir='ltr'><strong>consentientes</strong></span> 
     </span>
     <span class='ocr_line' id='line_1_50' title="bbox 1479 1727 2246 1804; baseline 0.014 -23"><span class='ocrx_word' id='word_1_158' title='bbox 1479 1728 1539 1783; x_wconf 90' lang='lat' dir='ltr'><strong>et</strong></span> <span class='ocrx_word' id='word_1_159' title='bbox 1579 1728 1814 1804; x_wconf 87' lang='lat' dir='ltr'><strong>tempus</strong></span> <span class='ocrx_word' id='word_1_160' title='bbox 1855 1727 2246 1803; x_wconf 84' lang='lat' dir='ltr'><strong>redimentes,</strong></span> 
     </span>
     <span class='ocr_line' id='line_1_51' title="bbox 1477 1824 2132 1901; baseline 0.015 -19"><span class='ocrx_word' id='word_1_161' title='bbox 1477 1825 1609 1901; x_wconf 82' lang='lat' dir='ltr'><strong>quia</strong></span> <span class='ocrx_word' id='word_1_162' title='bbox 1652 1824 1777 1888; x_wconf 91' lang='lat' dir='ltr'><strong>dies</strong></span> <span class='ocrx_word' id='word_1_163' title='bbox 1820 1836 1958 1890; x_wconf 87' lang='lat' dir='ltr'><strong>sunt</strong></span> <span class='ocrx_word' id='word_1_164' title='bbox 1998 1831 2132 1893; x_wconf 83' lang='lat' dir='ltr'><strong>mali</strong></span> 
     </span>
     <span class='ocr_line' id='line_1_52' title="bbox 1472 1924 1942 2007; baseline 0.015 -24"><span class='ocrx_word' id='word_1_165' title='bbox 1472 1924 1599 1986; x_wconf 88' lang='lat' dir='ltr'><strong>iure</strong></span> <span class='ocrx_word' id='word_1_166' title='bbox 1642 1927 1942 2007; x_wconf 78' lang='lat' dir='ltr'><strong>imperiali.</strong></span> 
     </span>
    </p>

    <p class='ocr_par' dir='ltr' id='par_1_15' title="bbox 1465 2043 2581 3009">
     <span class='ocr_line' id='line_1_53' title="bbox 2009 2043 2058 2096; baseline 0 0"><span class='ocrx_word' id='word_1_167' title='bbox 2009 2043 2058 2096; x_wconf 76' lang='grc'><strong>9.</strong></span> 
     </span>
     <span class='ocr_line' id='line_1_54' title="bbox 1470 2108 2189 2208; baseline 0.011 -22"><span class='ocrx_word' id='word_1_168' title='bbox 1470 2108 1794 2208; x_wconf 79' lang='lat' dir='ltr'><strong>‘Principes</strong></span> <span class='ocrx_word' id='word_1_169' title='bbox 1838 2133 1900 2190; x_wconf 88' lang='lat' dir='ltr'><strong>et</strong></span> <span class='ocrx_word' id='word_1_170' title='bbox 1938 2130 2189 2193; x_wconf 73' lang='lat' dir='ltr'><strong>abbates’</strong></span> 
     </span>
     <span class='ocr_line' id='line_1_55' title="bbox 1471 2231 2001 2308; baseline 0.013 -21"><span class='ocrx_word' id='word_1_171' title='bbox 1471 2231 1768 2308; x_wconf 81' lang='lat' dir='ltr'><strong>ceterique</strong></span> <span class='ocrx_word' id='word_1_172' title='bbox 1810 2236 2001 2303; x_wconf 79' lang='lat' dir='ltr'><strong>vates,</strong></span> 
     </span>
     <span class='ocr_line' id='line_1_56' title="bbox 1468 2326 1969 2394; baseline 0.016 -7"><span class='ocrx_word' id='word_1_173' title='bbox 1468 2329 1652 2389; x_wconf 83' lang='lat' dir='ltr'><strong>ceteri</strong></span> <span class='ocrx_word' id='word_1_174' title='bbox 1695 2326 1969 2394; x_wconf 83' lang='lat' dir='ltr'><strong>doctores</strong></span> 
     </span>
     <span class='ocr_line' id='line_1_57' title="bbox 1466 2427 2440 2515; baseline 0.017 -28"><span class='ocrx_word' id='word_1_175' title='bbox 1466 2427 1591 2490; x_wconf 82' lang='lat' dir='ltr'><strong>iura</strong></span> <span class='ocrx_word' id='word_1_176' title='bbox 1636 2427 2036 2512; x_wconf 85' lang='lat' dir='ltr'><strong>deposuerunt</strong></span> <span class='ocrx_word' id='word_1_177' title='bbox 2074 2440 2159 2498; x_wconf 87' lang='lat' dir='ltr'><strong>‘et</strong></span> <span class='ocrx_word' id='word_1_178' title='bbox 2195 2442 2440 2515; x_wconf 83' lang='lat' dir='ltr'><strong>mores&#39;,</strong></span> 
     </span>
     <span class='ocr_line' id='line_1_58' title="bbox 1467 2533 2154 2620; baseline 0.016 -32"><span class='ocrx_word' id='word_1_179' title='bbox 1467 2545 1724 2592; x_wconf 82' lang='lat' dir='ltr'><strong>canones</strong></span> <span class='ocrx_word' id='word_1_180' title='bbox 1768 2550 1837 2593; x_wconf 83' lang='lat' dir='ltr'><strong>ac</strong></span> <span class='ocrx_word' id='word_1_181' title='bbox 1880 2533 2154 2620; x_wconf 76' lang='lat' dir='ltr'><strong>decreta,</strong></span> 
     </span>
     <span class='ocr_line' id='line_1_59' title="bbox 1466 2631 2248 2717; baseline 0.015 -28"><span class='ocrx_word' id='word_1_182' title='bbox 1466 2631 1617 2692; x_wconf 86' lang='lat' dir='ltr'><strong>sicut</strong></span> <span class='ocrx_word' id='word_1_183' title='bbox 1659 2634 1890 2713; x_wconf 78' lang='lat' dir='ltr'><strong>scripsit</strong></span> <span class='ocrx_word' id='word_1_184' title='bbox 1930 2638 2213 2717; x_wconf 83' lang='lat' dir='ltr'><strong>propheta</strong></span> <span class='ocrx_word' id='word_1_185' title='bbox 2229 2685 2248 2712; x_wconf 87' lang='lat'><strong>,</strong></span> 
     </span>
     <span class='ocr_line' id='line_1_60' title="bbox 1465 2730 2220 2812; baseline 0.012 -20"><span class='ocrx_word' id='word_1_186' title='bbox 1465 2730 1656 2793; x_wconf 87' lang='lat' dir='ltr'><strong>Deum</strong></span> <span class='ocrx_word' id='word_1_187' title='bbox 1702 2737 2220 2812; x_wconf 83' lang='lat' dir='ltr'><strong>exacerbaverunt,</strong></span> 
     </span>
     <span class='ocr_line' id='line_1_61' title="bbox 1466 2833 2581 2928; baseline 0.018 -36"><span class='ocrx_word' id='word_1_188' title='bbox 1466 2838 1527 2893; x_wconf 91' lang='lat' dir='ltr'><strong>et</strong></span> <span class='ocrx_word' id='word_1_189' title='bbox 1567 2840 1835 2896; x_wconf 75' lang='lat' dir='ltr'><strong>sanctum</strong></span> <span class='ocrx_word' id='word_1_190' title='bbox 1888 2833 2105 2900; x_wconf 83' lang='lat' dir='ltr'><strong>Israhel</strong></span> <span class='ocrx_word' id='word_1_191' title='bbox 2148 2841 2581 2928; x_wconf 81' lang='lat' dir='ltr'><strong>blasphemave-</strong></span> 
     </span>
     <span class='ocr_line' id='line_1_62' title="bbox 1466 2946 2421 3009; baseline 0.016 -15"><span class='ocrx_word' id='word_1_192' title='bbox 1466 2946 1473 2950; x_wconf 84' lang='grc'><em>·</em></span> <span class='ocrx_word' id='word_1_193' title='bbox 2272 2954 2421 3009; x_wconf 87' lang='lat' dir='ltr'><strong>runt.</strong></span> 
     </span>
    </p>

    <p class='ocr_par' dir='ltr' id='par_1_16' title="bbox 1978 3052 2059 3106">
     <span class='ocr_line' id='line_1_63' title="bbox 1978 3052 2059 3106; baseline 0.037 -3"><span class='ocrx_word' id='word_1_194' title='bbox 1978 3052 2059 3106; x_wconf 83' lang='lat'><strong>10.</strong></span> 
     </span>
    </p>
   </div>
   <div class='ocr_carea' id='block_1_8' title="bbox 1346 3124 2131 3219">
    <p class='ocr_par' dir='ltr' id='par_1_17' title="bbox 1346 3124 2131 3219">
     <span class='ocr_line' id='line_1_64' title="bbox 1346 3124 2131 3219; baseline 0.011 -26"><span class='ocrx_word' id='word_1_195' title='bbox 1346 3153 1349 3156; x_wconf 60' lang='grc'><strong>’</strong></span> <span class='ocrx_word' id='word_1_196' title='bbox 1460 3124 1737 3197; x_wconf 70' lang='lat' dir='ltr'><strong>Menaeni</strong></span> <span class='ocrx_word' id='word_1_197' title='bbox 1776 3143 1914 3199; x_wconf 85' lang='lat' dir='ltr'><strong>sunt</strong></span> <span class='ocrx_word' id='word_1_198' title='bbox 1953 3140 2131 3219; x_wconf 80' lang='lat' dir='ltr'><strong>nigri,</strong></span> 
     </span>
    </p>
   </div>
   <div class='ocr_carea' id='block_1_9' title="bbox 1417 3234 2266 4332">
    <p class='ocr_par' dir='ltr' id='par_1_18' title="bbox 1417 3234 2266 3412">
     <span class='ocr_line' id='line_1_65' title="bbox 1417 3234 2266 3326; baseline 0.011 -28"><span class='ocrx_word' id='word_1_199' title='bbox 1417 3277 1421 3280; x_wconf 97' lang='lat'>-</span> <span class='ocrx_word' id='word_1_200' title='bbox 1461 3245 1522 3300; x_wconf 83' lang='lat' dir='ltr'><strong>et</strong></span> <span class='ocrx_word' id='word_1_201' title='bbox 1560 3240 1622 3300; x_wconf 88' lang='lat' dir='ltr'><strong>in</strong></span> <span class='ocrx_word' id='word_1_202' title='bbox 1665 3241 1867 3319; x_wconf 85' lang='lat' dir='ltr'><strong>regula</strong></span> <span class='ocrx_word' id='word_1_203' title='bbox 1908 3251 2044 3306; x_wconf 87' lang='lat' dir='ltr'><strong>sunt</strong></span> <span class='ocrx_word' id='word_1_204' title='bbox 2081 3234 2230 3326; x_wconf 84' lang='lat' dir='ltr'><strong>pigri</strong></span> <span class='ocrx_word' id='word_1_205' title='bbox 2249 3292 2266 3317; x_wconf 93' lang='lat'><strong>,</strong></span> 
     </span>
     <span class='ocr_line' id='line_1_66' title="bbox 1459 3341 1925 3412; baseline 0.002 -9"><span class='ocrx_word' id='word_1_206' title='bbox 1459 3341 1609 3404; x_wconf 78' lang='lat' dir='ltr'><strong>bene</strong></span> <span class='ocrx_word' id='word_1_207' title='bbox 1635 3343 1925 3412; x_wconf 54' lang='lat' dir='ltr'><strong>‚cucullati</strong></span> 
     </span>
    </p>

    <p class='ocr_par' dir='ltr' id='par_1_19' title="bbox 1457 3436 2044 3623">
     <span class='ocr_line' id='line_1_67' title="bbox 1459 3436 2044 3516; baseline 0.002 -12"><span class='ocrx_word' id='word_1_208' title='bbox 1459 3448 1520 3504; x_wconf 85' lang='lat' dir='ltr'><strong>et</strong></span> <span class='ocrx_word' id='word_1_209' title='bbox 1561 3444 1713 3505; x_wconf 83' lang='lat' dir='ltr'><strong>male</strong></span> <span class='ocrx_word' id='word_1_210' title='bbox 1754 3436 2044 3516; x_wconf 86' lang='lat' dir='ltr'><strong>coronati,</strong></span> 
     </span>
     <span class='ocr_line' id='line_1_68' title="bbox 1457 3543 2040 3623; baseline 0.002 -18"><span class='ocrx_word' id='word_1_211' title='bbox 1457 3543 1689 3623; x_wconf 77' lang='lat' dir='ltr'><strong>quidam</strong></span> <span class='ocrx_word' id='word_1_212' title='bbox 1733 3551 1871 3606; x_wconf 86' lang='lat' dir='ltr'><strong>sunt</strong></span> <span class='ocrx_word' id='word_1_213' title='bbox 1912 3548 2040 3606; x_wconf 87' lang='lat' dir='ltr'><strong>cani</strong></span> 
     </span>
    </p>

    <p class='ocr_par' dir='ltr' id='par_1_20' title="bbox 1446 3640 2218 4129">
     <span class='ocr_line' id='line_1_69' title="bbox 1454 3640 2183 3732; baseline 0.004 -27"><span class='ocrx_word' id='word_1_214' title='bbox 1454 3649 1515 3705; x_wconf 88' lang='lat' dir='ltr'><strong>et</strong></span> <span class='ocrx_word' id='word_1_215' title='bbox 1554 3646 1823 3707; x_wconf 82' lang='lat' dir='ltr'><strong>sensibus</strong></span> <span class='ocrx_word' id='word_1_216' title='bbox 1865 3640 2149 3732; x_wconf 64' lang='lat' dir='ltr'><strong>prophani</strong></span> <span class='ocrx_word' id='word_1_217' title='bbox 2167 3694 2183 3721; x_wconf 92' lang='lat'><strong>,</strong></span> 
     </span>
     <span class='ocr_line' id='line_1_70' title="bbox 1453 3745 2218 3824; baseline 0.007 -18"><span class='ocrx_word' id='word_1_218' title='bbox 1453 3745 1690 3824; x_wconf 84' lang='lat' dir='ltr'><strong>quidam</strong></span> <span class='ocrx_word' id='word_1_219' title='bbox 1732 3753 1870 3808; x_wconf 87' lang='lat' dir='ltr'><strong>sunt</strong></span> <span class='ocrx_word' id='word_1_220' title='bbox 1909 3747 2143 3820; x_wconf 82' lang='lat' dir='ltr'><strong>fratres,</strong></span> <span class='ocrx_word' id='word_1_221' title='bbox 2208 3784 2218 3791; x_wconf 90' lang='lat'><strong>·</strong></span> 
     </span>
     <span class='ocr_line' id='line_1_71' title="bbox 1451 3852 2199 3929; baseline 0.007 -22"><span class='ocrx_word' id='word_1_222' title='bbox 1451 3852 1513 3907; x_wconf 86' lang='lat' dir='ltr'><strong>et</strong></span> <span class='ocrx_word' id='word_1_223' title='bbox 1553 3855 1831 3909; x_wconf 84' lang='lat' dir='ltr'><strong>verentur</strong></span> <span class='ocrx_word' id='word_1_224' title='bbox 1872 3855 1936 3910; x_wconf 88' lang='lat' dir='ltr'><strong>ut</strong></span> <span class='ocrx_word' id='word_1_225' title='bbox 1976 3857 2199 3929; x_wconf 86' lang='lat' dir='ltr'><strong>patres,</strong></span> 
     </span>
     <span class='ocr_line' id='line_1_72' title="bbox 1447 3946 2134 4030; baseline 0.009 -23"><span class='ocrx_word' id='word_1_226' title='bbox 1447 3946 1719 4010; x_wconf 88' lang='lat' dir='ltr'><strong>dicuntur</strong></span> <span class='ocrx_word' id='word_1_227' title='bbox 1761 3950 2134 4030; x_wconf 85' lang='lat' dir='ltr'><strong>‘Norpertini’</strong></span> 
     </span>
     <span class='ocr_line' id='line_1_73' title="bbox 1446 4048 2050 4129; baseline 0.002 -18"><span class='ocrx_word' id='word_1_228' title='bbox 1446 4055 1508 4111; x_wconf 89' lang='lat' dir='ltr'><strong>et</strong></span> <span class='ocrx_word' id='word_1_229' title='bbox 1547 4069 1666 4111; x_wconf 84' lang='lat' dir='ltr'><strong>non</strong></span> <span class='ocrx_word' id='word_1_230' title='bbox 1709 4048 2050 4129; x_wconf 82' lang='lat' dir='ltr'><strong>Augustini,</strong></span> 
     </span>
    </p>

    <p class='ocr_par' dir='ltr' id='par_1_21' title="bbox 1439 4152 2181 4332">
     <span class='ocr_line' id='line_1_74' title="bbox 1442 4152 2088 4213; baseline 0.005 -3"><span class='ocrx_word' id='word_1_231' title='bbox 1442 4152 1502 4212; x_wconf 91' lang='lat' dir='ltr'><strong>in</strong></span> <span class='ocrx_word' id='word_1_232' title='bbox 1548 4168 1696 4212; x_wconf 86' lang='lat' dir='ltr'><strong>cano</strong></span> <span class='ocrx_word' id='word_1_233' title='bbox 1739 4152 2088 4213; x_wconf 86' lang='lat' dir='ltr'><strong>vestimento</strong></span> 
     </span>
     <span class='ocr_line' id='line_1_75' title="bbox 1439 4252 2181 4332; baseline 0.007 -20"><span class='ocrx_word' id='word_1_234' title='bbox 1439 4268 1594 4314; x_wconf 81' lang='lat' dir='ltr'><strong>novo</strong></span> <span class='ocrx_word' id='word_1_235' title='bbox 1635 4252 1887 4332; x_wconf 78' lang='lat' dir='ltr'><strong>gaudent</strong></span> <span class='ocrx_word' id='word_1_236' title='bbox 1928 4253 2181 4318; x_wconf 86' lang='lat' dir='ltr'><strong>invento.</strong></span> 
     </span>
    </p>
   </div>
   <div class='ocr_carea' id='block_1_10' title="bbox 1184 4376 1638 4389">
    <p class='ocr_par' dir='ltr' id='par_1_22' title="bbox 1184 4376 1638 4389">
     <span class='ocr_line' id='line_1_76' title="bbox 1184 4376 1638 4389; baseline 0 557"><span class='ocrx_word' id='word_1_237' title='bbox 1184 4376 1638 4389; x_wconf 95' lang='lat' dir='ltr'><strong> </strong></span> 
     </span>
    </p>
   </div>
  </div>
 </body>
</html>
