3155 4946
539 461 639 526 dat
679 460 950 526 adulatio.

540 566 605 627 si
648 564 911 627 mordaci
952 566 1104 627 nitar
1143 583 1317 637 vero,

536 682 678 727 vere
721 683 1025 747 uunquam
1068 684 1243 730 carus
1288 686 1410 730 ero.

537 765 805 829 Meretur
845 766 1050 830 histrio

535 867 763 929 virtutis
805 870 1133 951 premium,

538 966 683 1028 dum
726 967 925 1048 palpat
964 970 1168 1031 vitium
1212 1038 1217 1043 ,

539 1067 703 1130 dulci
746 1066 1072 1131 mendacio.

539 1320 719 1420 [A]
771 1329 1107 1421 Diogenes,
1152 1340 1296 1421 quid
1336 1340 1639 1412 intendas,

535 1443 623 1504 vis
667 1440 957 1512 honoros,
1001 1441 1088 1502 vis
1132 1439 1497 1526 prebendas,

534 1541 597 1603 id
639 1543 894 1622 primum
936 1541 1213 1623 explices.

540 1642 796 1726 Presuut
837 1642 1113 1704 ecclesiis

535 1743 597 1805 hi
639 1744 851 1822 quibus
896 1742 1206 1823 displices,

537 1845 648 1905 nisi
690 1850 751 1907 te
793 1845 949 1908 vitiis

535 1945 774 2031 illorum
813 1947 1104 2027 implices.
1168 1982 1186 1992 -

537 2044 749 2107 Gratus
795 2047 914 2108 eris
937 2093 955 2119 ,
999 2049 1051 2108 si
1093 2047 1484 2110 commendas

536 2149 599 2207 in
642 2147 872 2230 prelato
915 2149 1034 2231 vile
1076 2147 1344 2211 mendas.

537 2246 857 2326 Culparum
899 2247 1223 2328 complices
1246 2293 1262 2319 ,

537 2347 838 2409 ministros
882 2347 1126 2408 sceleris

532 2453 736 2509 amant
774 2465 884 2533 pre
929 2451 1141 2512 ceteris

542 2548 726 2608 nostri
768 2549 1096 2627 pontifices.

1085 2717 1132 2769 3.
1178 2769 1186 2776 ,

544 2799 730 2896 [Β]
783 2808 916 2880 Nec
959 2826 1271 2900 potentum
1315 2820 1491 2882 didici

546 2918 691 2979 vitiis
734 2918 1127 2999 applaudere,

545 3036 659 3080 uec
703 3017 964 3081 favorem
1011 3037 1269 3103 querere

544 3117 729 3180 corde
773 3120 1029 3201 loquens
1068 3120 1307 3200 duplici.

547 3220 807 3282 veritate
851 3221 1101 3300 simplici

457 3324 462 3330 '
548 3335 787 3400 semper
829 3322 914 3381 uti
956 3320 1154 3391 soleo,

547 3419 688 3481 dare
731 3418 945 3481 famam
989 3420 1166 3482 doleo

548 3523 821 3599 cuiquam
862 3528 1067 3604 prpter
1109 3524 1344 3595 merita,

551 3638 664 3682 uec
706 3622 991 3701 inpinguo
1037 3623 1227 3702 capita

549 3725 880 3802 peccatoris
925 3724 1079 3787 oleo.

1087 3892 1139 3943 4.

555 3975 735 4072 [A.]
790 3984 950 4074 Ergo
992 3995 1200 4074 procul
1246 3994 1480 4065 exules,

552 4097 603 4157 si
647 4099 881 4158 mentiri
924 4096 1189 4167 dubitas:

552 4197 801 4276 simplex
843 4199 1001 4259 enim
1043 4200 1253 4258 veritas

1659 291 1744 358 66

1722 464 1942 526 multos
1984 464 2126 526 fecit
2168 466 2388 528 exules.

1722 564 1866 627 Coie
1910 572 2150 627 nostros
2195 568 2468 652 presules

1722 667 1992 728 mollibus
2033 667 2357 739 blanditiis,

1722 784 1836 830 uec
1878 768 2166 836 insultans
2207 770 2359 833 viliis

1721 869 1916 930 verbis
1958 868 2070 930 hos
2116 885 2460 948 exasperes.

1721 969 1933 1031 horum
1974 971 2028 1031 si
2072 967 2378 1034 desideres

1719 1068 1834 1132 frui
1875 1070 2198 1140 beneflciis.

2265 1237 2315 1289 5.

1723 1321 1908 1421 [Π.]
1961 1329 2154 1420 Ergo,
2198 1342 2356 1403 sicut
2397 1340 2689 1410 consulis,

1722 1440 1962 1522 expedit
1999 1447 2068 1502 ut
2107 1447 2368 1514 taceam,

1722 1521 2140 1604 ‘blandieusve'’
2177 1542 2443 1622 placeam

1722 1643 1995 1705 mollibus
2038 1644 2313 1705 auriculis
2587 1713 2592 1718 .

1720 1746 2084 1825 potentium,
2129 1746 2344 1824 quibus
2387 1761 2486 1813 me,
2527 1746 2614 1806 vis

1722 1845 1810 1905 sic
1852 1844 2127 1923 placere;

1722 1943 1941 2007 adulari
1983 1943 2078 2007 vel
2121 1952 2321 2007 iacere
2334 1990 2352 2017 ‚

1722 2044 1861 2105 nihii
1902 2047 2076 2124 ponis
2119 2045 2413 2109 medium:

1723 2145 1930 2225 sicque
1976 2149 2145 2225 quasi
2185 2146 2452 2212 ‘foveam'

1724 2245 1918 2330 aliene
1962 2247 2207 2316 subeam

1725 2345 1899 2431 culpe
1941 2349 2324 2429 participium.

2261 2515 2312 2566 6.

1726 2599 1905 2696 [Α]
1960 2608 2157 2702 Culpe
2200 2620 2504 2700 participio

1724 2736 1801 2779 ne
1845 2717 2132 2781 formides
2175 2719 2392 2799 pollui,

1724 2820 1775 2880 si
1818 2824 2125 2898 potentum
2167 2822 2390 2901 perfrui

1723 2920 1812 2979 vis
1854 2919 2052 2981 favore
2070 2965 2088 2992 ,
2131 2924 2270 2984 vitio

1724 3025 2032 3100 potentum
2050 3067 2067 3093 ,
2111 3026 2383 3087 convictu
2427 3028 2551 3104 pari

1728 3119 1949 3190 ‘debes’
1992 3123 2090 3184 fibi
2135 3125 2524 3200 conformat-iz

1725 3225 1787 3284 in
1829 3221 1968 3302 lezy
2010 3228 2398 3305 ‘participes’,
2499 3207 2522 3228 ²

1728 3326 1788 3385 in
1832 3326 2138 3405 promissis
2183 3325 2377 3387 Protei

1732 3432 1789 3504 ei
1835 3442 2125 3506 sequaces
2170 3426 2393 3506 Orphei

1731 3525 2109 3589 sacerdotum
2150 3528 2469 3607 principes.

2265 3693 2319 3743 7.

1732 3776 1916 3871 [Π]
1972 3763 2136 3853 Vade
2182 3799 2342 3853 reiro
2387 3792 2662 3864 Satanas,

1729 3900 1859 3955 tuas
1902 3894 2042 3954 tolle
2085 3893 2342 3964 fabulas3

1732 3996 2011 4077 quicquid
2055 3997 2215 4059 enim
2260 3998 2550 4063 consulis,

1730 4099 1992 4160 falsitatis
2035 4116 2251 4178 organa
2266 4143 2283 4167 ‚

1733 4218 1912 4260 voces
1956 4200 2310 4261 adulantium
