<?xml version="1.0" encoding="UTF-8"?>
<!DOCTYPE html PUBLIC "-//W3C//DTD XHTML 1.0 Transitional//EN"
    "http://www.w3.org/TR/xhtml1/DTD/xhtml1-transitional.dtd">
<html xmlns="http://www.w3.org/1999/xhtml" xml:lang="en" lang="en">
 <head>
  <title>
</title>
<meta http-equiv="Content-Type" content="text/html;charset=utf-8" />
  <meta name='ocr-system' content='tesseract 3.04.00' />
  <meta name='ocr-capabilities' content='ocr_page ocr_carea ocr_par ocr_line ocrx_word'/>
</head>
<body>
  <div class='ocr_page' id='page_1' title='image "./carminaburanala00unkngoog_0277.png"; bbox 0 0 3155 4946; ppageno 0'>
   <div class='ocr_carea' id='block_1_1' title="bbox 1368 330 1546 602">
    <p class='ocr_par' dir='ltr' id='par_1_1' title="bbox 1368 330 1546 602">
     <span class='ocr_line' id='line_1_1' title="bbox 1379 330 1546 400; baseline -0.066 0"><span class='ocrx_word' id='word_1_1' title='bbox 1379 330 1505 400; x_wconf 82' lang='lat'><strong>245</strong></span> <span class='ocrx_word' id='word_1_2' title='bbox 1543 387 1546 389; x_wconf 73' lang='grc'><strong>,</strong></span> 
     </span>
     <span class='ocr_line' id='line_1_2' title="bbox 1368 525 1529 602; baseline 0.025 -4"><span class='ocrx_word' id='word_1_3' title='bbox 1368 525 1529 602; x_wconf 86' lang='grc'><strong>183.</strong></span> 
     </span>
    </p>
   </div>
   <div class='ocr_carea' id='block_1_2' title="bbox 1299 648 1579 700">
    <p class='ocr_par' dir='ltr' id='par_1_2' title="bbox 1299 648 1579 700">
     <span class='ocr_line' id='line_1_3' title="bbox 1299 648 1579 700; baseline 0 -10"><span class='ocrx_word' id='word_1_4' title='bbox 1299 648 1399 696; x_wconf 71' lang='grc' dir='ltr'><strong>(τοι.</strong></span> <span class='ocrx_word' id='word_1_5' title='bbox 1429 649 1476 691; x_wconf 77' lang='lat' dir='ltr'><strong>m</strong></span> <span class='ocrx_word' id='word_1_6' title='bbox 1505 649 1532 690; x_wconf 74' lang='grc' dir='ltr'><strong>ι)</strong></span> <span class='ocrx_word' id='word_1_7' title='bbox 1559 651 1579 700; x_wconf 80' lang='grc'><strong>)</strong></span> 
     </span>
    </p>
   </div>
   <div class='ocr_carea' id='block_1_3' title="bbox 523 751 2387 946">
    <p class='ocr_par' dir='ltr' id='par_1_3' title="bbox 523 751 2387 946">
     <span class='ocr_line' id='line_1_4' title="bbox 523 751 2296 841; baseline 0.002 -22"><span class='ocrx_word' id='word_1_8' title='bbox 523 769 546 819; x_wconf 87' lang='grc'>1</span> <span class='ocrx_word' id='word_1_9' title='bbox 603 751 857 820; x_wconf 84' lang='lat' dir='ltr'><strong>Tessera</strong></span> <span class='ocrx_word' id='word_1_10' title='bbox 899 760 1158 822; x_wconf 81' lang='lat' dir='ltr'><strong>blandita</strong></span> <span class='ocrx_word' id='word_1_11' title='bbox 1199 761 1397 822; x_wconf 77' lang='lat' dir='ltr'><strong>fueras</strong></span> <span class='ocrx_word' id='word_1_12' title='bbox 1442 762 1618 832; x_wconf 86' lang='lat' dir='ltr'>mihi,</span> <span class='ocrx_word' id='word_1_13' title='bbox 1665 763 1897 841; x_wconf 82' lang='lat' dir='ltr'><strong>quando</strong></span> <span class='ocrx_word' id='word_1_14' title='bbox 1942 763 2233 824; x_wconf 83' lang='lat' dir='ltr'><strong>tenebam.</strong></span> <span class='ocrx_word' id='word_1_15' title='bbox 2289 762 2296 766; x_wconf 69' lang='grc'><strong><em>’</em></strong></span> 
     </span>
     <span class='ocr_line' id='line_1_5' title="bbox 597 861 2387 946; baseline 0.002 -24"><span class='ocrx_word' id='word_1_16' title='bbox 597 861 855 929; x_wconf 76' lang='lat' dir='ltr'><strong>Tessera</strong></span> <span class='ocrx_word' id='word_1_17' title='bbox 898 861 1151 942; x_wconf 80' lang='lat' dir='ltr'><strong>perfida,</strong></span> <span class='ocrx_word' id='word_1_18' title='bbox 1197 881 1480 935; x_wconf 75' lang='lat' dir='ltr'><strong>concava,</strong></span> <span class='ocrx_word' id='word_1_19' title='bbox 1524 881 1623 924; x_wconf 89' lang='lat' dir='ltr'><strong>res</strong></span> <span class='ocrx_word' id='word_1_20' title='bbox 1666 863 1817 925; x_wconf 79' lang='lat' dir='ltr'><strong>mala</strong></span> <span class='ocrx_word' id='word_1_21' title='bbox 1863 872 2090 926; x_wconf 81' lang='lat' dir='ltr'><strong>tessera</strong></span> <span class='ocrx_word' id='word_1_22' title='bbox 2133 863 2387 946; x_wconf 76' lang='lat' dir='ltr'><strong>grandis,</strong></span> 
     </span>
    </p>
   </div>
   <div class='ocr_carea' id='block_1_4' title="bbox 514 989 2073 1184">
    <p class='ocr_par' dir='ltr' id='par_1_4' title="bbox 514 989 2073 1184">
     <span class='ocr_line' id='line_1_6' title="bbox 514 989 1972 1077; baseline -0.001 -17"><span class='ocrx_word' id='word_1_23' title='bbox 514 1006 548 1060; x_wconf 77' lang='lat'>2</span> <span class='ocrx_word' id='word_1_24' title='bbox 599 989 852 1060; x_wconf 83' lang='lat' dir='ltr'><strong>Tessera</strong></span> <span class='ocrx_word' id='word_1_25' title='bbox 895 1000 1178 1060; x_wconf 85' lang='lat' dir='ltr'><strong>materies</strong></span> <span class='ocrx_word' id='word_1_26' title='bbox 1224 1007 1316 1060; x_wconf 84' lang='lat' dir='ltr'><strong>est</strong></span> <span class='ocrx_word' id='word_1_27' title='bbox 1360 999 1552 1059; x_wconf 88' lang='lat' dir='ltr'>omnis</span> <span class='ocrx_word' id='word_1_28' title='bbox 1598 997 1972 1077; x_wconf 70' lang='lat' dir='ltr'><strong>perditioniS,</strong></span> 
     </span>
     <span class='ocr_line' id='line_1_7' title="bbox 603 1100 2073 1184; baseline 0 -22"><span class='ocrx_word' id='word_1_29' title='bbox 603 1100 856 1162; x_wconf 82' lang='lat' dir='ltr'><strong>Tessera</strong></span> <span class='ocrx_word' id='word_1_30' title='bbox 900 1101 1144 1181; x_wconf 78' lang='lat' dir='ltr'>deponit</span> <span class='ocrx_word' id='word_1_31' title='bbox 1185 1102 1490 1163; x_wconf 86' lang='lat' dir='ltr'><strong>hominem</strong></span> <span class='ocrx_word' id='word_1_32' title='bbox 1534 1117 1768 1184; x_wconf 73' lang='lat' dir='ltr'><strong>summe</strong></span> <span class='ocrx_word' id='word_1_33' title='bbox 1813 1102 2073 1162; x_wconf 76' lang='lat' dir='ltr'><strong>rationis⁸</strong></span> 
     </span>
    </p>
   </div>
   <div class='ocr_carea' id='block_1_5' title="bbox 518 1226 2107 1410">
    <p class='ocr_par' dir='ltr' id='par_1_5' title="bbox 518 1226 2107 1410">
     <span class='ocr_line' id='line_1_8' title="bbox 518 1226 2075 1314; baseline 0.001 -19"><span class='ocrx_word' id='word_1_34' title='bbox 518 1245 548 1294; x_wconf 85' lang='lat'><strong>3</strong></span> <span class='ocrx_word' id='word_1_35' title='bbox 598 1226 753 1297; x_wconf 87' lang='lat' dir='ltr'><strong>Sunt</strong></span> <span class='ocrx_word' id='word_1_36' title='bbox 796 1237 1053 1297; x_wconf 72' lang='lat' dir='ltr'><strong>comites</strong></span> <span class='ocrx_word' id='word_1_37' title='bbox 1089 1235 1211 1297; x_wconf 86' lang='lat' dir='ltr'><strong>ludi</strong></span> <span class='ocrx_word' id='word_1_38' title='bbox 1250 1235 1560 1297; x_wconf 79' lang='lat' dir='ltr'><strong>mendacia</strong></span> <span class='ocrx_word' id='word_1_39' title='bbox 1579 1281 1596 1306; x_wconf 93' lang='lat'><strong>,</strong></span> <span class='ocrx_word' id='word_1_40' title='bbox 1642 1235 1857 1314; x_wconf 79' lang='lat' dir='ltr'><strong>iurgia,</strong></span> <span class='ocrx_word' id='word_1_41' title='bbox 1901 1234 2075 1306; x_wconf 85' lang='lat' dir='ltr'><strong>nudi,</strong></span> 
     </span>
     <span class='ocr_line' id='line_1_9' title="bbox 595 1336 2107 1410; baseline -0.001 -12"><span class='ocrx_word' id='word_1_42' title='bbox 595 1337 750 1401; x_wconf 81' lang='lat' dir='ltr'><strong>Rara</strong></span> <span class='ocrx_word' id='word_1_43' title='bbox 791 1337 969 1409; x_wconf 72' lang='lat' dir='ltr'><strong>fldeS,</strong></span> <span class='ocrx_word' id='word_1_44' title='bbox 1013 1336 1167 1398; x_wconf 79' lang='lat' dir='ltr'><strong>furta</strong></span> <span class='ocrx_word' id='word_1_45' title='bbox 1185 1382 1202 1409; x_wconf 89' lang='lat'><em>,</em></span> <span class='ocrx_word' id='word_1_46' title='bbox 1247 1339 1468 1399; x_wconf 80' lang='lat' dir='ltr'><strong>macies</strong></span> <span class='ocrx_word' id='word_1_47' title='bbox 1490 1381 1507 1410; x_wconf 90' lang='lat'>,</span> <span class='ocrx_word' id='word_1_48' title='bbox 1552 1336 1879 1402; x_wconf 73' lang='lat' dir='ltr'><strong>substantia</strong></span> <span class='ocrx_word' id='word_1_49' title='bbox 1920 1342 2107 1397; x_wconf 79' lang='lat' dir='ltr'><strong>curta.</strong></span> 
     </span>
    </p>
   </div>
   <div class='ocr_carea' id='block_1_6' title="bbox 511 1445 2500 1845">
    <p class='ocr_par' dir='ltr' id='par_1_6' title="bbox 511 1445 2500 1845">
     <span class='ocr_line' id='line_1_10' title="bbox 511 1445 2169 1534; baseline 0 -19"><span class='ocrx_word' id='word_1_50' title='bbox 511 1464 546 1514; x_wconf 75' lang='lat'>4</span> <span class='ocrx_word' id='word_1_51' title='bbox 593 1445 676 1516; x_wconf 78' lang='lat' dir='ltr'>ffl</span> <span class='ocrx_word' id='word_1_52' title='bbox 718 1464 840 1516; x_wconf 86' lang='lat' dir='ltr'><strong>tres</strong></span> <span class='ocrx_word' id='word_1_53' title='bbox 885 1472 1029 1516; x_wconf 82' lang='lat' dir='ltr'><strong>eece</strong></span> <span class='ocrx_word' id='word_1_54' title='bbox 1072 1472 1251 1516; x_wconf 78' lang='lat' dir='ltr'><strong>canes</strong></span> <span class='ocrx_word' id='word_1_55' title='bbox 1296 1471 1563 1534; x_wconf 72' lang='lat' dir='ltr'><strong>segnes,</strong></span> <span class='ocrx_word' id='word_1_56' title='bbox 1595 1454 1823 1514; x_wconf 81' lang='lat' dir='ltr'><strong>celeres</strong></span> <span class='ocrx_word' id='word_1_57' title='bbox 1859 1460 1922 1517; x_wconf 84' lang='lat' dir='ltr'><strong>et</strong></span> <span class='ocrx_word' id='word_1_58' title='bbox 1962 1454 2169 1515; x_wconf 81' lang='lat' dir='ltr'><strong>inanes</strong></span> 
     </span>
     <span class='ocr_line' id='line_1_11' title="bbox 596 1554 2500 1638; baseline 0 -20"><span class='ocrx_word' id='word_1_59' title='bbox 596 1565 734 1619; x_wconf 87' lang='lat' dir='ltr'><strong>sunt</strong></span> <span class='ocrx_word' id='word_1_60' title='bbox 772 1575 906 1618; x_wconf 80' lang='lat' dir='ltr'><strong>mea</strong></span> <span class='ocrx_word' id='word_1_61' title='bbox 948 1573 1122 1636; x_wconf 84' lang='lat' dir='ltr'><strong>spes,</strong></span> <span class='ocrx_word' id='word_1_62' title='bbox 1169 1559 1308 1634; x_wconf 85' lang='lat' dir='ltr'><strong>quia</strong></span> <span class='ocrx_word' id='word_1_63' title='bbox 1351 1555 1491 1618; x_wconf 84' lang='lat' dir='ltr'><strong>dant</strong></span> <span class='ocrx_word' id='word_1_64' title='bbox 1530 1554 1677 1616; x_wconf 86' lang='lat' dir='ltr'><strong>mihi</strong></span> <span class='ocrx_word' id='word_1_65' title='bbox 1720 1572 1817 1616; x_wconf 84' lang='lat' dir='ltr'><strong>res</strong></span> <span class='ocrx_word' id='word_1_66' title='bbox 1863 1561 1926 1620; x_wconf 83' lang='lat' dir='ltr'><strong>et</strong></span> <span class='ocrx_word' id='word_1_67' title='bbox 1965 1555 2354 1635; x_wconf 80' lang='lat' dir='ltr'><strong>multiplicant</strong></span> <span class='ocrx_word' id='word_1_68' title='bbox 2395 1574 2500 1638; x_wconf 78' lang='lat' dir='ltr'><strong>ee,</strong></span> 
     </span>
     <span class='ocr_line' id='line_1_12' title="bbox 595 1656 2321 1741; baseline -0.001 -21"><span class='ocrx_word' id='word_1_69' title='bbox 595 1661 838 1740; x_wconf 82' lang='lat' dir='ltr'><strong>pignora</strong></span> <span class='ocrx_word' id='word_1_70' title='bbox 881 1676 1017 1719; x_wconf 87' lang='lat' dir='ltr'><strong>eum</strong></span> <span class='ocrx_word' id='word_1_71' title='bbox 1059 1659 1316 1719; x_wconf 81' lang='lat' dir='ltr'><strong>nummis</strong></span> <span class='ocrx_word' id='word_1_72' title='bbox 1334 1703 1353 1730; x_wconf 91' lang='lat'><strong>,</strong></span> <span class='ocrx_word' id='word_1_73' title='bbox 1396 1675 1533 1719; x_wconf 85' lang='lat' dir='ltr'><strong>eum</strong></span> <span class='ocrx_word' id='word_1_74' title='bbox 1577 1657 1786 1718; x_wconf 77' lang='lat' dir='ltr'><strong>eastris</strong></span> <span class='ocrx_word' id='word_1_75' title='bbox 1829 1656 2035 1741; x_wconf 73' lang='lat' dir='ltr'><strong>predia</strong></span> <span class='ocrx_word' id='word_1_76' title='bbox 2076 1659 2321 1718; x_wconf 81' lang='lat' dir='ltr'>summis</span> 
     </span>
     <span class='ocr_line' id='line_1_13' title="bbox 595 1757 2167 1845; baseline -0.003 -22"><span class='ocrx_word' id='word_1_77' title='bbox 595 1761 900 1823; x_wconf 76' lang='lat' dir='ltr'><strong>venantur</strong></span> <span class='ocrx_word' id='word_1_78' title='bbox 914 1804 931 1833; x_wconf 90' lang='lat'>,</span> <span class='ocrx_word' id='word_1_79' title='bbox 975 1766 1035 1821; x_wconf 94' lang='lat' dir='ltr'><strong>te</strong></span> <span class='ocrx_word' id='word_1_80' title='bbox 1078 1758 1402 1845; x_wconf 70' lang='lat' dir='ltr'><strong>predantur</strong></span> <span class='ocrx_word' id='word_1_81' title='bbox 1416 1807 1433 1832; x_wconf 91' lang='lat'><strong><em>,</em></strong></span> <span class='ocrx_word' id='word_1_82' title='bbox 1478 1759 1623 1822; x_wconf 88' lang='lat' dir='ltr'><strong>mihi</strong></span> <span class='ocrx_word' id='word_1_83' title='bbox 1665 1759 1753 1820; x_wconf 79' lang='lat' dir='ltr'><strong>eie</strong></span> <span class='ocrx_word' id='word_1_84' title='bbox 1796 1757 2167 1825; x_wconf 78' lang='lat' dir='ltr'><strong>famulantur.</strong></span> 
     </span>
    </p>
   </div>
   <div class='ocr_carea' id='block_1_7' title="bbox 1202 1949 1666 1961">
    <p class='ocr_par' dir='ltr' id='par_1_7' title="bbox 1202 1949 1666 1961">
     <span class='ocr_line' id='line_1_14' title="bbox 1202 1949 1666 1961; baseline 0 2985"><span class='ocrx_word' id='word_1_85' title='bbox 1202 1949 1666 1961; x_wconf 95' lang='lat' dir='ltr'><strong> </strong></span> 
     </span>
    </p>
   </div>
   <div class='ocr_carea' id='block_1_8' title="bbox 1310 2075 1574 2151">
    <p class='ocr_par' dir='ltr' id='par_1_8' title="bbox 1310 2075 1574 2151">
     <span class='ocr_line' id='line_1_15' title="bbox 1310 2075 1574 2151; baseline 0.019 -5"><span class='ocrx_word' id='word_1_86' title='bbox 1310 2075 1455 2148; x_wconf 80' lang='lat'><strong>183</strong></span> <span class='ocrx_word' id='word_1_87' title='bbox 1512 2100 1574 2151; x_wconf 83' lang='lat' dir='ltr'><strong>a.</strong></span> 
     </span>
    </p>
   </div>
   <div class='ocr_carea' id='block_1_9' title="bbox 595 2235 2173 2529">
    <p class='ocr_par' dir='ltr' id='par_1_9' title="bbox 595 2235 2173 2529">
     <span class='ocr_line' id='line_1_16' title="bbox 595 2235 2023 2323; baseline -0.001 -17"><span class='ocrx_word' id='word_1_88' title='bbox 595 2235 826 2308; x_wconf 83' lang='lat' dir='ltr'><strong>Littera</strong></span> <span class='ocrx_word' id='word_1_89' title='bbox 865 2245 955 2305; x_wconf 85' lang='lat' dir='ltr'><strong>bis</strong></span> <span class='ocrx_word' id='word_1_90' title='bbox 998 2245 1135 2306; x_wconf 78' lang='lat' dir='ltr'><strong>bina</strong></span> <span class='ocrx_word' id='word_1_91' title='bbox 1167 2261 1266 2304; x_wconf 89' lang='lat' dir='ltr'><strong>me</strong></span> <span class='ocrx_word' id='word_1_92' title='bbox 1310 2242 1409 2305; x_wconf 84' lang='lat' dir='ltr'><strong>dat</strong></span> <span class='ocrx_word' id='word_1_93' title='bbox 1449 2243 1546 2304; x_wconf 86' lang='lat' dir='ltr'><strong>vel</strong></span> <span class='ocrx_word' id='word_1_94' title='bbox 1590 2242 1813 2323; x_wconf 76' lang='lat' dir='ltr'><strong>syllaba</strong></span> <span class='ocrx_word' id='word_1_95' title='bbox 1854 2246 2023 2306; x_wconf 82' lang='lat' dir='ltr'><strong>trina.</strong></span> 
     </span>
     <span class='ocr_line' id='line_1_17' title="bbox 597 2345 2173 2426; baseline -0.004 -16"><span class='ocrx_word' id='word_1_96' title='bbox 597 2348 663 2410; x_wconf 89' lang='lat' dir='ltr'><strong>Si</strong></span> <span class='ocrx_word' id='word_1_97' title='bbox 707 2348 851 2408; x_wconf 90' lang='lat' dir='ltr'><strong>mihi</strong></span> <span class='ocrx_word' id='word_1_98' title='bbox 892 2346 1166 2409; x_wconf 78' lang='lat' dir='ltr'><strong>dematur</strong></span> <span class='ocrx_word' id='word_1_99' title='bbox 1209 2352 1422 2426; x_wconf 83' lang='lat' dir='ltr'><strong>eaput,</strong></span> <span class='ocrx_word' id='word_1_100' title='bbox 1468 2363 1540 2407; x_wconf 84' lang='lat' dir='ltr'><strong>ex</strong></span> <span class='ocrx_word' id='word_1_101' title='bbox 1583 2345 1812 2424; x_wconf 89' lang='lat' dir='ltr'><strong>reliquo</strong></span> <span class='ocrx_word' id='word_1_102' title='bbox 1858 2350 2173 2423; x_wconf 79' lang='lat' dir='ltr'><strong>generatur</strong></span> 
     </span>
     <span class='ocr_line' id='line_1_18' title="bbox 595 2444 2161 2529; baseline -0.004 -16"><span class='ocrx_word' id='word_1_103' title='bbox 595 2452 819 2523; x_wconf 80' lang='lat' dir='ltr'><strong>bestia,</strong></span> <span class='ocrx_word' id='word_1_104' title='bbox 863 2451 914 2511; x_wconf 83' lang='lat' dir='ltr'><strong>si</strong></span> <span class='ocrx_word' id='word_1_105' title='bbox 956 2455 1198 2522; x_wconf 85' lang='lat' dir='ltr'><strong>venter,</strong></span> <span class='ocrx_word' id='word_1_106' title='bbox 1242 2450 1451 2529; x_wconf 78' lang='lat' dir='ltr'><strong>pennis</strong></span> <span class='ocrx_word' id='word_1_107' title='bbox 1495 2467 1599 2510; x_wconf 88' lang='lat' dir='ltr'><strong>ero</strong></span> <span class='ocrx_word' id='word_1_108' title='bbox 1642 2453 1802 2509; x_wconf 79' lang='lat' dir='ltr'><strong>tecta</strong></span> <span class='ocrx_word' id='word_1_109' title='bbox 1844 2444 2161 2515; x_wconf 63' lang='lat' dir='ltr'><strong>decentem</strong></span> 
     </span>
    </p>
   </div>
   <div class='ocr_carea' id='block_1_10' title="bbox 478 2547 2224 2625">
    <p class='ocr_par' dir='ltr' id='par_1_10' title="bbox 478 2547 2224 2625">
     <span class='ocr_line' id='line_1_19' title="bbox 478 2547 2224 2625; baseline -0.005 -8"><span class='ocrx_word' id='word_1_110' title='bbox 478 2601 482 2605; x_wconf 70' lang='lat'><strong>·</strong></span> <span class='ocrx_word' id='word_1_111' title='bbox 596 2553 710 2625; x_wconf 88' lang='lat' dir='ltr'><strong>nil,</strong></span> <span class='ocrx_word' id='word_1_112' title='bbox 755 2554 806 2614; x_wconf 84' lang='lat' dir='ltr'><strong>si</strong></span> <span class='ocrx_word' id='word_1_113' title='bbox 848 2558 1077 2624; x_wconf 84' lang='lat' dir='ltr'><strong>vertor,</strong></span> <span class='ocrx_word' id='word_1_114' title='bbox 1124 2569 1263 2621; x_wconf 85' lang='lat' dir='ltr'><strong>ero,</strong></span> <span class='ocrx_word' id='word_1_115' title='bbox 1310 2552 1392 2612; x_wconf 86' lang='lat' dir='ltr'><strong>nil</strong></span> <span class='ocrx_word' id='word_1_116' title='bbox 1437 2569 1572 2613; x_wconf 87' lang='lat' dir='ltr'><strong>sum</strong></span> <span class='ocrx_word' id='word_1_117' title='bbox 1612 2549 1763 2611; x_wconf 77' lang='lat' dir='ltr'><strong>laico</strong></span> <span class='ocrx_word' id='word_1_118' title='bbox 1806 2564 2002 2625; x_wconf 86' lang='lat' dir='ltr'><strong>neque</strong></span> <span class='ocrx_word' id='word_1_119' title='bbox 2048 2547 2224 2608; x_wconf 85' lang='lat' dir='ltr'><strong>clero.</strong></span> 
     </span>
    </p>
   </div>
   <div class='ocr_carea' id='block_1_11' title="bbox 1218 2716 1675 2729">
    <p class='ocr_par' dir='ltr' id='par_1_11' title="bbox 1218 2716 1675 2729">
     <span class='ocr_line' id='line_1_20' title="bbox 1218 2716 1675 2729; baseline 0 2217"><span class='ocrx_word' id='word_1_120' title='bbox 1218 2716 1675 2729; x_wconf 95' lang='lat' dir='ltr'><strong> </strong></span> 
     </span>
    </p>
   </div>
   <div class='ocr_carea' id='block_1_12' title="bbox 221 2916 2719 4283">
    <p class='ocr_par' dir='ltr' id='par_1_12' title="bbox 221 2916 2719 4283">
     <span class='ocr_line' id='line_1_21' title="bbox 221 2916 2719 4283; baseline 0 0"><span class='ocrx_word' id='word_1_121' title='bbox 221 2916 2719 4283; x_wconf 95' lang='lat' dir='ltr'><strong> </strong></span> 
     </span>
    </p>
   </div>
  </div>
 </body>
</html>
