3155 4946
1584 331 1711 398 202

1523 504 1665 578 127
1720 529 1782 580 a.

804 637 918 712 Min·
957 652 1038 713 ist
1078 652 1177 713 ein
1220 652 1337 729 wip
1384 667 1518 712 sere
1561 650 1625 710 in
1668 650 1791 710 min
1835 643 2075 727 gemdte
2119 646 2396 718 ehomen,

803 770 919 813 von
963 751 1073 813 der
1110 752 1229 813 han
1270 751 1333 813 ih
1377 769 1596 833 gang-,er
1636 750 1894 830 tugende
1938 749 2018 812 vil
2059 767 2411 819 vernomen,

804 851 912 914 des
957 854 1187 915 minnet
1227 855 1280 916 si
1324 851 1431 915 daz
1475 852 1657 920 heroe
1702 853 1843 914 min.

804 953 861 1014 h·
903 953 1162 1015 sehoner
1203 954 1286 1035 lip
1329 954 1431 1016 hat
1474 955 1590 1016 mir
1630 952 1854 1018 vmude
1897 953 1978 1015 vil
2021 953 2320 1032 gegebem

805 1055 972 1117 solde
1015 1055 1078 1117 ih
1121 1057 1238 1120 nah
1283 1054 1422 1118 dem
1464 1054 1664 1118 willon
1706 1058 1828 1117 min
1870 1055 1972 1117 din
2012 1056 2095 1116 zit
2137 1053 2386 1133 geleben
2406 1099 2420 1121 .-

807 1156 914 1220 daz
958 1159 1021 1221 ih
1064 1160 1117 1220 ir
1161 1158 1372 1242 gelege
1413 1157 1504 1219 lvi-t

1569 1442 1731 1516 128.

1535 1561 1644 1613 (τοι
1668 1562 1770 1613 ιτ.)

1042 1644 1090 1695 1.
2216 1642 2268 1694 3.

496 1719 598 1790 lu
640 1726 865 1791 dudum
908 1731 1130 1790 amoris
1174 1729 1423 1791 militem
1676 1718 1748 1791 Si
1792 1727 1982 1791 adhue
2024 1727 2206 1791 vellet
2247 1728 2492 1805 diligere

497 1831 779 1894 devotum
820 1847 920 1892 me
963 1830 1226 1904 exhibui,
1677 1848 1882 1893 amore
1923 1847 2022 1891 me
2068 1832 2351 1891 continno
2364 1874 2382 1900 ‚

497 1934 666 1994 euius
710 1938 859 1994 nutu
901 1949 1000 1993 me
1043 1933 1397 2015 precipitem
1678 1939 1741 1994 et
1781 1932 1925 1993 mihi
1967 1931 2214 1993 deberet
2256 1932 2453 1992 vivere
2468 1975 2485 2001 ,

497 2032 678 2095 stulto
723 2035 994 2095 commisi
1036 2036 1207 2097 ansni
1222 2080 1239 2106 ,
1676 2032 1884 2096 dolore
1926 2033 2158 2096 ‘minus'
2202 2032 2440 2104 servem

497 2152 701 2196 amans
743 2137 807 2196 in
848 2135 1114 2214 periculo
1676 2133 1787 2197 sed
1826 2152 1963 2197 eum
2006 2135 2159 2197 hane
2204 2135 2457 2213 respicio
2477 2179 2493 2205 ‚

495 2253 702 2308 uuam,
746 2253 867 2320 que
911 2252 1214 2316 nunquam
1256 2252 1354 2298 me
1398 2237 1498 2316 pio
1560 2252 1584 2261 ”
1676 2236 1819 2298 mihi
1859 2235 2126 2310 videtur,
2170 2235 2333 2316 qnod
2373 2235 2545 2298 feriat

498 2340 760 2418 respexit
800 2338 995 2401 oculo.
1676 2356 1773 2400 me
1816 2338 2068 2403 Veneris
2109 2340 2321 2402 iaculo.

1030 2453 1083 2505 2.
2213 2454 2267 2510 4.

497 2530 570 2602 Si
612 2539 804 2602 adhuc
848 2557 1150 2603 cessarem
1191 2543 1428 2620 penitus
1451 2589 1467 2615 ‚
1677 2533 1777 2606 Me
1820 2544 1970 2605 sciat
2009 2544 2140 2623 ipsa
2181 2543 2619 2622 magnanimum
2636 2589 2652 2615 ‚

498 2641 644 2703 mihi
684 2634 839 2702 sorte
883 2641 1296 2713 consulerem3
1676 2647 1961 2708 maiorem
2003 2662 2141 2705 meo
2186 2662 2437 2724 corpore
2456 2690 2473 2717 ,

497 2742 608 2806 sed
649 2761 771 2805 non
813 2744 981 2822 fugat
1018 2743 1160 2804 belli
1204 2746 1487 2823 strepitus
1675 2746 1778 2825 qni
1823 2762 2052 2807 ramum
2092 2744 2386 2807 scandens
2429 2745 2781 2807 altissimum

497 2847 614 2907 nisi
658 2848 849 2908 virum
890 2843 1270 2924 degenerem.
1434 2858 1438 2864 ·
1673 2847 1932 2910 fructum
1976 2863 2236 2929 querens
2280 2848 2342 2907 in
2386 2846 2595 2909 arbore

495 2947 625 3008 Fiat
666 2945 827 3025 quod
868 2945 1144 3008 desidero
1161 2992 1177 3018 ‚
1674 2948 1923 3027 ‘allegat’
1966 2949 2206 3027 ingenio

496 3048 679 3110 vitam
722 3047 961 3127 fortune
1005 3047 1237 3110 casibus
1675 3067 1797 3112 non
1839 3067 1976 3111 esse
2019 3049 2218 3111 locum
2260 3049 2322 3109 in
2367 3055 2601 3109 amante

499 3165 746 3210 securus
791 3147 997 3210 offero.
1674 3156 1873 3213 metus
1916 3152 2140 3211 neseio.

1524 3434 1666 3507 128
1719 3458 1779 3509 a.

704 3566 893 3640 Solde
937 3595 1078 3640 aver
1119 3577 1216 3638 ich
1259 3577 1367 3637 mit
1410 3594 1627 3655 surgen
1668 3578 1918 3637 iemmer
1959 3576 2133 3638 leben
2153 3623 2168 3647 ,

703 3696 948 3741 svenne
991 3678 1175 3739 ander
1215 3672 1337 3737 late
1382 3694 1585 3738 weren
1628 3677 1718 3739 fro
1735 3676 1768 3738 Ἰ

703 3773 895 3841 Gfiten
938 3783 1091 3839 trost
1131 3777 1227 3839 wil
1269 3777 1331 3839 ih
1374 3778 1487 3837 mir
1528 3777 1794 3840 selbeme
1839 3778 2029 3857 geben
2044 3823 2060 3849 ‚

702 3892 785 3942 un
828 3883 953 3942 min
997 3874 1234 3958 gemflte
1279 3886 1487 3956 tragen
1528 3877 1608 3940 ho
1965 3879 1968 3884 ’

705 3981 760 4041 al
804 3998 873 4041 so
916 3998 1032 4042 von
1077 3980 1244 4041 rehte
1289 3982 1389 4063 ein
1433 3980 1618 4042 selich
1663 4000 1818 4044 usna

702 4083 767 4142 Si
810 4086 1020 4158 sagent
1062 4082 1176 4142 mir
1218 4080 1331 4142 alle
1349 4128 1364 4153 ‚
1410 4088 1615 4145 tmren
1660 4088 1752 4145 sta
1794 4084 1908 4144 mir
1949 4083 2336 4145 iemerlichen
2381 4101 2473 4143 an.
