3155 4946
1424 357 1509 425 49

1293 529 1637 611 LXXXVI.

849 705 896 755 1.
1337 644 1436 696 (roi.
1465 645 1516 689 ⁵1
1535 646 1604 697 n.)
2040 695 2095 749 ⁴·

320 785 495 857 Venss
537 800 636 856 est
675 794 737 853 in
778 792 1006 854 luctum
1497 775 1743 855 Restat,
1784 788 1848 845 ut
1890 799 1997 863 per
2043 787 2282 843 montes

316 898 551 979 cythera.
591 893 993 965 waltheri,
1497 889 1741 968 figurate
1783 892 1957 947 notes

311 1018 426 1063 non
443 1040 451 1048 -
470 999 612 1079 quis
657 1003 746 1058 ‘se
789 994 1051 1058 ductnm’

302 1108 462 1165 extra
503 1116 761 1180 gregem
805 1098 952 1159 cleri

273 1205 393 1269 ·vel
433 1201 748 1264 ‘eiectum’
792 1197 1018 1270 doleat,

301 1305 429 1370 ‘sut’
471 1303 695 1367 abiecti
736 1302 933 1380 lugest

300 1409 590 1487 vilitatem
633 1403 853 1474 morbi,

300 1510 411 1573 sed
455 1510 607 1590 quis
651 1504 1018 1576 consident,

301 1612 465 1693 qnod
513 1610 647 1672 finis
691 1608 983 1670 accelerat

281 1713 643 1795 'inprovisus
687 1709 830 1771 orbi.

302 1814 462 1877 Ress.
506 1813 677 1874 Libet
718 1809 934 1872 intueri

508 1913 738 1976 iudices
782 1911 1039 1995 ecclesie
1056 1956 1072 1983 ,

516 2031 774 2096 quorum
816 2017 1002 2074 status
1045 2009 1220 2071 hodie

511 2109 688 2198 peior‘
725 2120 818 2176 est
861 2128 1039 2193 qoam
1079 2108 1225 2169 heri.

852 2214 902 2264 2.

306 2298 537 2368 Vmbro
580 2318 720 2364 cum
769 2298 1038 2359 videmus

304 2410 496 2473 valles
542 2401 794 2487 operiri,

268 2560 273 2565 .
304 2510 585 2589 proximo
629 2503 918 2565 debemus

310 2616 563 2671 noctem
607 2603 889 2683 experiri:

310 2709 427 2772 sed
472 2725 610 2769 cum
655 2711 890 2766 montes
932 2704 1148 2765 videris

317 2816 383 2869 et
425 2808 610 2869 colles
656 2824 793 2867 cum
837 2804 1055 2866 ceteris

315 2910 497 2972 rebus
540 2907 873 2978 obscurari,

317 3028 431 3073 nec
473 3010 627 3073 fellis
671 3027 786 3070 nec
829 3006 1045 3070 falleris
1064 3052 1081 3079 ,

317 3115 369 3175 si
410 3110 634 3177 mundo
675 3118 818 3173 tunc
851 3110 1080 3171 ‘asseris

315 3220 557 3277 noctem
603 3211 909 3274 dominari.

859 3308 892 3359 3

315 3391 436 3463 Per
478 3398 772 3461 convalles
816 3402 953 3458 nota

316 3505 501 3566 laicos
547 3501 783 3581 exleges
799 3525 842 3571 ,-

317 3612 496 3668 notos
536 3602 690 3681 turpi
734 3606 871 3661 nota

317 3707 617 3790 principes
660 3710 722 3765 et
764 3719 971 3782 reges,

319 3826 471 3890 qnos
516 3807 641 3887 pari
680 3802 899 3866 iudicio

324 3913 498 3974 lnxns
542 3916 603 3972 et
645 3908 886 3971 ambitio

323 4012 493 4094 qussi
537 4028 654 4074 nox
695 4008 999 4078 obscurat,

323 4131 476 4193 quos
521 4111 761 4196 celestis
803 4109 948 4170 ultIo

321 4215 588 4277 bisacuto
630 4210 823 4291 gladio

324 4314 577 4397 perdere
619 4319 887 4377 maturat.

432 4410 580 4455 Codex
604 4411 764 4456 luen.

1498 992 1918 1069 scripturarum
1961 984 2190 1047 fontes:

1498 1089 1615 1171 Xpi
1659 1086 2005 1150 sacerdotes

1500 1192 1689 1254 colles
1735 1188 1881 1251 dicti
1919 1186 2166 1265 mystice
2186 1230 2202 1255 ‚

1501 1312 1576 1356 eo
1621 1288 1786 1373 qnod
1824 1292 1885 1351 in
1929 1287 2151 1350 vertice

1498 1396 1644 1458 Sion
1691 1392 1993 1456 constituti

1497 1496 1724 1559 mundo
1778 1499 1918 1556 sunt
1958 1509 2070 1573 pro
2111 1491 2385 1571 speculo,

1496 1604 1552 1664 si
1597 1599 1745 1678 legis
1789 1595 2033 1691 oraquo

1498 1703 1717 1765 vellent
1758 1715 1879 1761 non
1922 1692 2096 1758 abuti.

2044 1798 2079 1848 5

1496 1884 1710 1956 Iubent
1752 1888 1939 1950 nostri
1982 1884 2167 1946 colles

1499 1995 1628 2057 dar-i
1670 1989 1900 2052 cunctis
1943 1986 2144 2071 fenum
2164 2031 2179 2057 ,

1499 2103 1560 2157 et
1605 2090 1854 2176 preferri
1896 2089 2111 2150 molles

1501 2192 1795 2257 sanctitati
1840 2207 2116 2263 senum„
2227 2235 2235 2243 .

1500 2295 1562 2356 m
1606 2291 2018 2355 hereditarium

1499 2396 1614 2458 Dei
1654 2388 2088 2461 sanctuarium,

1499 2505 1563 2561 et
1606 2496 1682 2561 ad
1724 2494 1839 2577 Xpi
1884 2493 2057 2558 dotes

1499 2605 1910 2684 preponuntur
1951 2596 2127 2659 hodie

1499 2707 1775 2781 expertes
1820 2700 2070 2781 scientie

1497 2803 1805 2887 presulum
1848 2807 2118 2880 nepotes.

1497 2903 1646 2965 Ress.
1693 2904 1759 2964 Si
1800 2921 1928 2970 rem
1972 2903 2126 2964 bene
2170 2904 2375 2974 notes,

1701 3004 2032 3066 succedunt
2073 3005 2133 3066 in
2181 3004 2377 3065 vitium

1701 3113 1762 3167 et
1801 3107 1861 3165 in
1884 3105 2253 3189 *beneficium

1702 3209 1920 3270 terreni
1966 3212 2231 3285 nepotes.

2034 3307 2088 3361 6.

1502 3386 1722 3458 Veniet
1762 3397 1821 3456 in
1864 3395 2057 3465 brevi,

1507 3496 1614 3558 lhu
1657 3496 1812 3557 bone
1856 3494 2052 3567 Deus,

1502 3598 1634 3659 finis
1676 3597 1847 3660 huius
1893 3600 1985 3681 evi

1502 3717 1693 3762 annus
1736 3699 2001 3784 iubileus.

1462 3860 1469 3868 .
1502 3801 1751 3874 Moriar,
1796 3820 1871 3864 ne
1913 3801 2139 3866 videam

1503 3893 1845 3966 Antichristi
1892 3904 2169 3967 frameam
2188 3950 2205 3976 ,

1500 4008 1671 4067 cuins
1711 4022 2094 4089 precessores

1504 4110 1619 4169 ism
1664 4124 1783 4167 non
1826 4110 1951 4169 sani
1993 4106 2279 4189 dogmatis

1506 4212 1663 4288 stent
1702 4209 1762 4269 in
1805 4214 2007 4271 monte
2050 4210 2381 4274 chrismatis

1507 4328 1796 4374 censuum
1843 4315 2145 4376 censores.

2183 4406 2216 4456 4
