3155 4946
1410 338 1537 406 207

945 507 1186 579 Vmwe,
1231 517 1458 570 wesent
1502 513 1637 570 vro!

944 609 1075 670 Wie
1120 604 1208 671 ῑῦῑ
1248 613 1302 671 ir
1342 629 1424 674 nu
1466 630 1564 683 ω,

944 712 1052 773 daz
1094 713 1146 773 ir
1189 729 1257 772 so
1300 712 1542 774 trureeh
1586 713 1707 774 sit?

943 812 1066 875 Der
1106 813 1238 875 ehle
1282 812 1391 874 der
1432 816 1699 894 springet
1743 816 1874 877 ⁴1:⁰⁹.

1397 1077 1561 1152 134.

1355 1195 1459 1246 (τοι.
1485 1199 1587 1249 ω.)

877 1275 922 1328 1.

330 1349 484 1420 ΙΛωι
502 1406 518 1432 ,
562 1360 755 1433 ludat,
796 1361 1011 1423 ludite!
1506 1360 1810 1441 spondeat
1851 1363 2110 1444 puellula

330 1460 602 1524 locantes
645 1480 803 1523 nune
846 1442 1041 1524 audi'te
1060 1508 1078 1533 ‚
1506 1460 1726 1525 florano
1768 1467 1937 1542 quasi
1983 1463 2178 1525 rosula

332 1580 483 1640 quos
524 1566 824 1647 presentis
867 1564 1076 1643 gaudia
1506 1563 1701 1626 verbis
1744 1564 1976 1626 devicta
2018 1565 2186 1644 ‘piis’.

333 1661 673 1724 demulcent
712 1663 834 1748 leta
876 1667 1030 1746 vite:

332 1764 539 1825 histrio
580 1783 690 1844 per
732 1767 1048 1836 ‘tesseraffi
1602 1848 1606 1853 .
2048 1766 2095 1818 3·

333 1863 587 1926 clericus
628 1866 990 1945 amplexibus
1504 1860 1682 1931 Dicat
1723 1872 1841 1930 “ita
1883 1868 2124 1930 faeiam”

336 1964 576 2030 deludat
618 1968 814 2029 ‘horas
858 1969 1007 2030 rite'.
1506 1971 1590 2031 nil
1631 1969 1888 2049 deneget
1926 1977 2129 2049 rogata
2143 2015 2159 2038 ,

854 2063 924 2134 ’2.
1506 2089 1627 2131 non
1668 2074 1777 2132 viri
1819 2071 2086 2133 notitiam

335 2157 530 2229 Amor
572 2177 667 2231 est
707 2173 826 2231 iam
869 2170 1144 2232 suavibus
1507 2174 1754 2234 rimetur
1794 2178 2103 2256 prenotata
2118 2218 2133 2242 ,

336 2268 638 2330 canendus
682 2269 951 2331 melodiis
969 2317 985 2342 ,
1506 2272 1684 2334 faeiat
1726 2272 1884 2351 quod
1930 2274 2184 2352 petitum

338 2371 441 2455 qui
484 2388 604 2430 non
645 2371 839 2433 tardet
881 2372 1153 2450 gravibus
1511 2372 1669 2453 quod
1712 2373 1983 2451 precibus
2025 2371 2340 2450 negligitur

340 2467 652 2532 ‘detentus’
695 2471 945 2536 omeliis.
1510 2480 1742 2558 prestet
1782 2476 1945 2553 virgo
1988 2473 2238 2537 laudata.

1359 2740 1503 2813 134
1555 2765 1617 2815 a.

851 2872 955 2941 Ich
996 2881 1114 2942 han
1156 2884 1291 2943 eine
1333 2880 1556 2941 senede
1602 2889 1707 2942 not
1721 2927 1736 2951 ,

852 2983 951 3045 diu
994 2979 1085 3044 tut
1125 2983 1238 3042 mir
1280 2982 1406 3044 also
1449 3001 1540 3045 we
1557 3027 1574 3053 ,

798 3083 819 3096 “’
853 3082 962 3144 daz
1006 3083 1242 3144 maohet
1283 3085 1396 3143 mir
1439 3085 1538 3144 ein
1580 3081 1805 3144 winden-
1848 3082 1999 3142 ebali

853 3202 937 3245 un
978 3183 1133 3245 oueh
1176 3183 1286 3245 der
1327 3184 1508 3245 ‘wize'
1553 3201 1681 3244 sne.

853 3285 1077 3347 Chome
1119 3287 1233 3346 mir
1273 3283 1371 3345 diu
1416 3286 1699 3345 sumerzit
1713 3329 1729 3355 ‚

851 3405 920 3448 so
965 3385 1154 3448 wolde
1199 3384 1294 3446 ich
1338 3385 1540 3464 prisen
1583 3385 1782 3444 minen
1822 3383 1904 3460 lip

853 3488 1028 3549 umbe
1072 3489 1169 3548 eiu
1210 3485 1289 3548 vil
1331 3485 1499 3547 hatte
1541 3479 1783 3545 sehfiniz
1826 3483 1962 3560 wip.

1411 3748 1572 3824 135.

1385 3871 1486 3915 (fol.
1512 3870 1609 3915 69.)

886 3963 932 4008 1.

342 4035 661 4105 Rmuscn
1512 4036 1603 4097 Ab
1646 4036 1757 4096 hae
1799 4042 1939 4114 peto

345 4156 406 4207 et
449 4143 708 4207 florescit
1513 4137 1691 4198 eorde
1734 4135 1858 4219 leto
1872 4180 1888 4206 ‚

345 4266 451 4308 eor
491 4264 691 4309 meum
735 4264 771 4306 a
813 4244 1042 4323 gaudio.
1512 4256 1687 4315 quam
1733 4252 2048 4312 numquam
2094 4233 2359 4296 deserui.
2464 4257 2485 4273 ·
