3155 4946
1458 380 1589 450 235

368 556 517 618 latet
557 554 721 616 fraus
763 561 827 616 et
869 553 1145 635 deceptio
1159 601 1177 628 ,
1552 571 1737 634 super
1774 556 2006 616 vestem

371 657 531 721 uude
575 658 766 717 oritur
780 701 797 729 ,
1551 674 1749 719 meam
1789 658 2030 717 mittunt
2071 658 2286 716 sortes.

370 760 513 825 dum
555 762 780 826 luditur
794 807 813 834 ,
2077 772 2158 826 19.

368 882 521 949 sepe
564 865 685 926 litis
730 865 1045 927 dissensio.
1550 850 1722 935 Heu,
1766 879 1876 941 pro
1916 858 2059 922 ludo

895 981 980 1033 15.
1552 980 1703 1048 sepe
1744 963 1906 1026 nudo

368 1061 727 1151 Deceptoris
771 1076 865 1132 est
907 1087 1041 1131 mos
1057 1113 1074 1140 ,
1553 1064 1656 1129 dat
1695 1073 1931 1128 vestem
1971 1081 2184 1127 saccus
2199 1107 2217 1134 ,

373 1173 617 1236 veloces
660 1179 723 1235 et
764 1172 969 1234 tardos
1552 1166 1665 1230 sed
1705 1167 1847 1229 dum
1889 1184 2076 1252 penas
2095 1212 2113 1239 ,

371 1282 437 1337 et
479 1292 690 1355 graves
734 1272 1002 1335 ‘fraudet’
1045 1288 1215 1343 sors3
1552 1273 1760 1331 moru‘s
1799 1287 1988 1332 venas

226 1410 231 1414 ·
370 1378 493 1440 sint
534 1394 747 1439 secum
788 1377 986 1447 Decii,
1552 1370 1654 1435 dat
1694 1374 1929 1434 nescire
1970 1370 2261 1433 Bacchus.

367 1478 478 1540 sed
519 1477 663 1541 furti
707 1479 963 1549 conscii,
2072 1489 2157 1542 2ο.

364 1580 511 1642 dum
549 1579 764 1643 ludunt
805 1581 973 1641 socii.
1547 1567 1720 1639 Tunc
1760 1575 2021 1639 salutant
2062 1576 2406 1656 peccarium
2420 1619 2437 1646 ,

644 1708 661 1721 ·
893 1701 975 1752 1ο.
1548 1686 1614 1741 et
1653 1677 1893 1740 laudant
1931 1677 2329 1740 tabernarium
2345 1720 2363 1747 ,

364 1775 494 1847 Sub
535 1802 790 1865 quorum
829 1784 1029 1847 studio
1551 1780 1885 1843 excluditur
1927 1780 2204 1842 denarius
2221 1824 2238 1850 ,

363 1888 527 1950 fraus
570 1894 635 1948 et
678 1886 956 1966 deceptio
1549 1883 1849 1962 protertur
1888 1899 2087 1942 sermo
2130 1882 2356 1943 varius:

364 1994 615 2068 regnent
655 2006 796 2050 cum
836 1988 1024 2050 Decio
2070 1998 2156 2052 21.

360 2109 483 2152 non
527 2092 705 2174 equis
744 2089 1009 2169 legibus,
1544 2088 1681 2148 Dea
1721 2087 1822 2149 sal
1856 2090 2025 2148 nisit
2065 2085 2315 2148 beselm-
2354 2088 2432 2147 de
2473 2088 2590 2148 vin.

363 2188 730 2252 damnandus
774 2192 1004 2253 animus
1019 2239 1037 2266 ,
1546 2186 1715 2251 Tunc
1758 2207 1900 2250 eum
1940 2189 2296 2251 osculamur.

360 2292 472 2356 sed
511 2294 742 2355 innexis
786 2294 1031 2356 retibus.
1554 2292 1674 2351 Πᾶν
1715 2292 1967 2352 onumen
2008 2291 2133 2352 nm
2170 2293 2255 2368 uf
2284 2292 2400 2352 den
2440 2290 2584 2361 Bia,

885 2410 969 2464 17.
1543 2392 1655 2456 sed
1695 2391 1895 2455 Bacho
1938 2392 2306 2455 famulamur.

359 2490 563 2560 Corde
607 2500 660 2560 si
703 2501 838 2578 quis
882 2505 1005 2561 tam
1047 2498 1265 2562 devoto
2067 2510 2151 2563 22.

356 2599 565 2663 ludum
606 2602 902 2675 imitatur,
1543 2588 1714 2659 Tunc
1757 2603 1959 2659 rorant
2000 2597 2210 2678 scyphi
2254 2595 2542 2677 desuper,

356 2702 532 2764 huius
575 2704 665 2763 rei
709 2705 881 2764 testis
926 2703 1070 2766 Otto
1085 2751 1103 2778 ,
1541 2707 1607 2761 et
1647 2717 1834 2761 canna
1875 2699 2027 2779 pluit
2068 2705 2363 2773 mustum,

358 2803 592 2865 ‘colum’
638 2807 808 2866 cuius
850 2809 1006 2885 regit
1047 2808 1317 2880 ‘Clotho’,
1541 2808 1606 2863 et
1647 2802 1749 2881 qui
1790 2804 2085 2881 potaverit
2128 2820 2350 2881 nuper,

352 2904 516 2983 quod
558 2923 709 2989 sepe
748 2905 1023 2970 nudatur.
1536 2903 1698 2965 hibat
1738 2904 1873 2983 plus
1915 2922 2095 2984 quem
2137 2906 2215 2966 sit
2254 2906 2478 2967 iustum
2496 2950 2514 2977 ‚

881 3024 961 3077 18.
2061 3022 2146 3075 23.

352 3099 553 3170 Causa
595 3108 720 3171 ludi
1536 3100 1709 3171 Tunc
1752 3108 2127 3188 postulantur
2167 3116 2403 3192 tessere
2421 3154 2439 3180 ‚

351 3228 504 3295 sepe
546 3210 691 3273 nudi
1535 3229 1646 3291 pro
1690 3210 1922 3290 poculis
1965 3213 2245 3284 iactatur,

349 3319 491 3375 sunt
531 3315 651 3374 mei
693 3321 1041 3388 consortem
1224 3322 1232 3328 ’
1532 3330 1651 3375 nec
1693 3310 1769 3373 de
1813 3311 2014 3373 furore
2057 3310 2254 3396 Boree

349 3411 493 3475 dum
536 3414 684 3476 ‘sibi'
726 3423 1026 3499 prestem,
1533 3417 1853 3493 quicquam
1896 3415 2341 3497 premeditatur.

1431 3725 1599 3802 175.

1359 3846 1470 3899 (ron.
1496 3846 1552 3892 er
1574 3848 1618 3893 ι.
1630 3850 1655 3901 J

892 3929 941 3980 1.

343 4003 405 4075 Is
447 4013 694 4075 taberna
737 4014 974 4094 quando
1018 4033 1252 4088 sumus,
1529 4015 1689 4091 Quid
1729 4024 1935 4097 agatur
1975 4019 2038 4078 in
2078 4018 2352 4092 taberna,

345 4134 466 4177 uon
510 4133 788 4177 curamus
832 4114 973 4196 quid
1015 4120 1095 4179 sit
1137 4117 1386 4190 humus,
1527 4118 1631 4180 ubi
1673 4137 1949 4181 nummus
1993 4127 2089 4182 est
2129 4122 2411 4200 pincerna
2426 4169 2444 4195 ,

344 4216 455 4278 sed
497 4216 572 4278 ad
613 4215 821 4279 ludum
862 4235 1289 4297 properamus,
1526 4219 1644 4282 hoc
1686 4227 1783 4284 est
1824 4240 1978 4301 opus
2019 4228 2088 4284 ut
2129 4231 2445 4307 queratur,

344 4318 443 4379 cui
488 4335 728 4398 semper
766 4318 1135 4381 insudamus.
1525 4322 1581 4382 si
1621 4321 1768 4401 quid
1807 4321 2047 4403 loquar,
2092 4324 2381 4388 audietur.
