3155 4946
1613 270 1698 339 60

626 472 660 523 a
707 451 987 524 Insultant
1034 463 1149 526 hoc
1192 463 1540 542 proverbio:
1583 461 1739 525 Dido
1780 478 1849 524 se
1893 461 2037 524 iecit
2076 459 2360 524 Helenam
2377 507 2396 534 ,

697 566 900 645 regina
942 570 1145 626 nostra
1185 566 1412 643 gremio
1452 564 1772 628 Troianum
1814 563 1977 628 fovet
2019 561 2320 628 advenam.

589 707 662 760 1⁰
709 688 921 765 Gravis
967 700 1257 772 conditio,
1299 699 1520 763 sutriosa
1561 701 1744 773 ratio,

702 804 752 864 si
794 804 945 865 mala
988 803 1282 883 perferam
1324 820 1436 884 pro
1475 803 1793 866 beneficio!

587 945 651 997 ιι
704 928 916 1011 Anna,
957 937 1155 1010 vides,
1201 954 1323 1022 que
1366 938 1444 999 sit
1482 935 1633 1000 tides
1676 937 2016 1019 deceptoris
2057 898 2315 1018 perfidi?

700 1039 928 1102 Fraude
969 1038 1105 1104 licta
1146 1058 1244 1102 me
1287 1041 1493 1103 relicta
1534 1058 1716 1121 regna
1757 1040 1907 1121 fugit
1945 1038 2192 1121 punica:

700 1140 783 1203 nil
825 1143 1016 1204 sorori
1060 1143 1173 1203 nisi
1219 1144 1404 1215 mori,
1447 1159 1656 1215 soror,
1699 1149 1912 1216 restat,
1954 1143 2146 1204 unica.

589 1285 660 1338 12
708 1267 879 1361 Sevit
922 1278 1153 1359 Scylla,
1197 1296 1310 1341 nec
1353 1277 1669 1359 tranquilla
1709 1294 1778 1339 se
1821 1277 2172 1357 promittunt
2212 1292 2454 1360 equora.
2587 1276 2596 1285 '

701 1379 886 1441 Solvit
927 1386 1145 1452 ratem,
1189 1385 1607 1460 tempestatem
1650 1396 1764 1440 nec
1809 1378 2083 1441 abhorret
2121 1377 2424 1457 Phrygius.

701 1479 901 1543 Dulcis
946 1498 1150 1552 soror,
1209 1488 1276 1543 ut
1317 1481 1462 1561 quid
1506 1497 1737 1552 moror,
1781 1485 1881 1542 aut
1924 1479 2067 1560 quid
2110 1485 2307 1542 cessat
2347 1477 2618 1559 gladius?

588 1620 659 1673 18
705 1604 917 1696 Fulget
956 1615 1123 1680 sidus
1168 1616 1403 1679 Orionis
1421 1661 1438 1688 ‚
1483 1620 1633 1702 sevit
1673 1617 1885 1698 hyems
1927 1615 2271 1698 Aquilonis,

700 1715 898 1799 Scylla
937 1725 1144 1799 regnat
1186 1734 1449 1802 equore3
1492 1722 1860 1800 tempestatis
1903 1727 2206 1801 tempore,

699 1817 970 1884 Palinure
986 1865 1006 1894 ,
1049 1839 1169 1884 non
1212 1837 1429 1883 secure
1473 1821 1728 1884 classem
1771 1821 1949 1884 solvis
1992 1821 2205 1885 littore.

588 1961 661 2015 14
709 1945 904 2022 Solvit
943 1966 1141 2022 tamen
1182 1960 1299 2023 dux
1338 1959 1629 2024 Troianus
1643 2004 1663 2034 ,
1704 1959 1892 2023 solvat
1932 1975 2142 2021 ensem
2184 1964 2387 2021 nostra
2431 1972 2641 2019 manus

700 2057 761 2118 in
802 2058 1084 2129 iacturam
1127 2061 1461 2141 sanguinis,
1502 2062 1664 2135 vale,
1705 2060 1818 2124 flos
1861 2059 2257 2141 Carthaginis!

704 2154 867 2241 fleo,
906 2159 1106 2234 Enea,
1148 2160 1272 2225 fers
1313 2163 1566 2248 trophea
1606 2165 1751 2227 tanti
1794 2179 1973 2226 causa
2014 2163 2307 2225 criminis!

594 2281 667 2335 15
715 2265 770 2337 Ο
815 2275 1005 2340 dulcis
1048 2279 1278 2352 anima,
1321 2283 1440 2366 vite
1481 2299 1625 2363 spes
1666 2283 1877 2354 unica,

703 2375 1102 2457 Phlegetontis
1115 2424 1133 2451 ,
1173 2378 1529 2446 Acherontis
1570 2383 1825 2446 latebras
1867 2399 1940 2446 ae
1979 2382 2256 2446 tenebras

704 2496 841 2541 mox
882 2479 1062 2544 adeas
1104 2482 1387 2547 horroris.

705 2579 832 2643 Nec
876 2586 1042 2668 ‘pyre
1082 2584 1134 2646 is
1174 2584 1253 2647 te’
1298 2587 1555 2651 circulus
1598 2594 1883 2651 moretur.
1967 2587 2188 2653 Eneam
2229 2603 2489 2668 sequere
2508 2631 2525 2657 ,

704 2701 820 2746 nec
862 2684 1075 2747 desere
1117 2704 1330 2750 suaves
1371 2688 1686 2754 illecebras
1729 2689 1947 2754 amoris
1968 2736 1987 2763 ,

707 2802 822 2847 nec
867 2784 1075 2849 dulces
1117 2787 1311 2852 nodos
1354 2781 1602 2854 Veneris
1644 2792 1975 2874 perdideris
1995 2837 2013 2863 ‚

707 2888 792 2948 sis
835 2890 1021 2965 nostri
1065 2891 1302 2953 conscia
1345 2899 1408 2954 et
1446 2895 1652 2958 nuntia
1696 2892 1937 2957 doloris.

1564 3212 1750 3285 CLII.

1521 3337 1625 3390 (tol.
1647 3338 1701 3384 ⁷³
1710 3338 1781 3390 b.)

638 3447 664 3497 1
712 3429 1002 3521 Pergama
1042 3441 1188 3525 flere
1229 3445 1365 3508 volo
1408 3444 1619 3530 Grecis
1660 3445 1780 3509 tato
1824 3444 1955 3509 data
1997 3448 2158 3517 solo,

794 3543 924 3605 solo
968 3551 1139 3626 capta
1179 3545 1350 3620 dolo,
1391 3553 1563 3629 capta
1604 3547 1840 3610 redacta
1881 3548 2037 3612 solo.

634 3667 668 3720 ²
714 3650 958 3740 Exitiale
1002 3681 1181 3740 sona3
1224 3684 1344 3752 que
1385 3669 1571 3747 prima
1615 3674 1789 3732 tenes
1828 3667 2116 3731 Helicona
2131 3712 2150 3740 ,

795 3772 856 3828 et
898 3773 1085 3830 metra
1126 3785 1226 3831 me
1272 3769 1426 3832 dona
1466 3787 1744 3851 promere
1788 3787 1971 3852 posse
2012 3771 2185 3832 hona.

635 3888 669 3938 8
715 3866 861 3946 ‘Est’
903 3884 1064 3951 Paris
1108 3891 1331 3972 absque
1376 3907 1551 3973 pare,
1595 3892 1823 3976 querit,
1865 3889 2057 3961 videt,
2101 3888 2283 3952 audet
2325 3906 2522 3952 amare
2539 3934 2555 3959 ‚

796 3987 974 4051 audet
1011 3998 1300 4078 temptare
1342 3993 1521 4073 turta,
1562 3994 1814 4074 pericla,
1857 4010 2036 4055 mare.

638 4110 671 4159 4
719 4093 892 4168 Vadit
933 4116 995 4170 et
1035 4109 1299 4183 accedit,
1342 4112 1496 4174 clam
1535 4112 1721 4185 tollit,
1765 4111 2037 4192 clamque
2080 4110 2339 4183 recedit;

624 4241 663 4274 ι
799 4207 1006 4274 ‘nauta'
1050 4211 1179 4273 solo
1188 4209 1409 4332 *sedin
1452 4213 1516 4276 nt
1555 4213 1721 4294 luga,
1762 4213 1953 4299 predo
1995 4211 2162 4276 redit.

582 4329 595 4338 ,
604 4309 651 4334 ’Ᾱ

644 4351 669 4366 μ

1518 4509 1545 4530 ἠ
1554 4497 1612 4530 ‘m

1458 4547 1497 4584 ⁴·
