3155 4946
1410 327 1532 396 251

856 502 904 554 2.

321 579 508 650 Stilus
556 605 691 648 nam
737 597 796 649 et
842 591 1039 673 tabule⁴
1498 585 1790 665 Quicquid
1836 593 2007 665 agant
2052 584 2179 655 alii,

322 700 453 752 sunt
501 692 736 752 feriales
781 694 959 775 epulo
1495 693 1741 751 iuvenes
1787 705 2090 757 amemu5‚

323 802 383 853 et
423 792 676 854 Nasonis
723 796 977 855 carmina
1496 799 1559 852 et
1604 809 1742 852 cum
1786 791 1955 850 turba
1997 788 2249 868 plurima

322 894 416 955 vel
459 897 707 957 aliorum
748 897 976 975 pagina.
1494 895 1703 956 ludum
1747 894 2137 956 celebremus,

1395 1205 1562 1280 191.

1364 1331 1466 1387 (tol.
1493 1334 1590 1384 95.)

859 1413 908 1466 1.

322 1492 649 1564 locvxnnuvn
696 1503 874 1567 socii.
1502 1502 1694 1560 canite
1738 1501 1990 1578 benigne

322 1613 650 1665 sectatores
695 1605 832 1673 otii,
1503 1618 1743 1662 carmen
1785 1599 1973 1661 laudis
2020 1599 2226 1683 digne,

321 1711 525 1767 nostra
569 1711 825 1785 pangant
866 1723 970 1766 ora
1501 1709 1799 1763 merorem
1845 1701 2260 1781 repudiemus,

322 1808 551 1867 cantica
594 1824 841 1877 sonora,
1504 1810 1565 1865 et
1607 1804 1930 1883 psallentes
1975 1824 2184 1867 omnes
2227 1784 2582 1869 intonemuS.

321 1917 388 1971 ut
432 1908 747 1993 laudemus*
786 1908 995 1987 dignos
1040 1907 1214 1970 laude
1234 1953 1251 1979 ,

319 2014 618 2073 virtuosos
665 2016 726 2071 et
770 2016 1041 2072 carentes
1085 2009 1310 2070 fraude.
2043 1991 2091 2046 ³·

317 2103 482 2175 Retl.
522 2111 575 2172 Ο
621 2118 683 2172 et
726 2109 779 2170 Ο
1502 2103 1769 2186 Invidos,
1816 2114 2154 2192 hypocritas

524 2232 663 2274 cum
704 2213 885 2275 iubilo
1244 2268 1249 2272 .
1503 2217 1713 2276 mortis
1757 2222 1991 2294 premat
2035 2217 2322 2294 gravitas!

521 2316 716 2395 largos
761 2315 961 2378 laudet
988 2323 1192 2378 nostra
1222 2317 1449 2378 concio.
1503 2316 1758 2379 Pereant
1796 2317 2075 2379 fallaces!

859 2432 904 2486 2.
1506 2426 1567 2483 et
1610 2422 1717 2483 viri
1760 2418 2079 2482 mendaces
2097 2465 2114 2492 ,

317 2512 426 2584 Ad
473 2521 760 2583 honorem
803 2522 1091 2600 hospitis,
1505 2540 1722 2583 munus
1765 2523 1866 2600 qui
1910 2527 2127 2600 negant
2171 2524 2530 2600 promissum

320 2628 492 2688 cuius
538 2624 755 2686 festum
799 2626 1023 2696 colitis),
1504 2623 1789 2706 puniendi
1835 2630 2005 2685 ruant
2045 2625 2105 2684 in
2151 2625 2461 2703 abyssum!

1349 3071 1450 3118 tl'ol.
1477 3073 1528 3114 95
1553 3073 1626 3119 b.)

866 3159 910 3209 1.
1921 3198 1930 3206 ,

322 3242 481 3311 Cum
524 3250 584 3308 in
628 3248 835 3308 orbem
878 3248 1221 3309 universum
1500 3248 1681 3308 vitam
1723 3254 1986 3308 nostram
2028 3250 2250 3326 optime

321 3355 702 3416 decantatur:
747 3347 868 3420 lte,
1502 3368 1610 3411 vos
1655 3350 2061 3422 considerate,

319 3452 672 3517 sacerdotes
717 3451 1049 3525 ambulant,
1182 3455 1193 3464 “
1504 3460 1708 3512 eontra
1753 3469 1965 3531 pravos
2011 3453 2261 3515 clericos

304 3559 568 3623 ‚currunt
612 3553 917 3635 cenobite,
1503 3571 1613 3614 vos
1657 3561 2065 3633 perseverate,

318 3663 385 3718 et
430 3653 502 3713 ab
547 3652 853 3731 evaugelio
1505 3658 1609 3733 qui
1653 3675 1772 3717 non
1816 3656 1978 3735 large
2019 3658 2283 3720 tribuunt

315 3762 440 3820 iam
487 3761 733 3833 surgunt
776 3756 984 3839 levite,
1502 3758 1669 3818 vobis
1711 3760 1772 3818 in
1817 3757 2115 3818 caritate.”

316 3865 550 3925 sectam
595 3862 857 3917 nostram
901 3856 1184 3930 subeunt,
2041 3875 2094 3929 3.

317 3981 440 4044 que
484 3959 644 4020 salus
689 3964 783 4019 est
825 3960 961 4042 vite.
1486 3952 1583 4042 ‘Et
1626 3979 1735 4023 uos
1780 3961 2184 4047 misericordie

863 4077 912 4130 2.
1090 4092 1096 4100 ·
1503 4081 1661 4124 nunc
1705 4079 1911 4123 sumus
1957 4071 2263 4137 auctoreS‚

313 4165 382 4235 In
431 4173 600 4229 secta
642 4173 844 4227 nostra
887 4168 1174 4247 scriptum
1219 4170 1346 4225 est:
1506 4168 1644 4244 quia
1687 4184 1800 4226 nos
1841 4167 2159 4244 recipimus

315 4272 561 4335 “omnia
601 4270 877 4347 probate,
1504 4285 1752 4347 magnos
1799 4275 1860 4329 et
1901 4269 2194 4342 minores,
