3155 4946
663 513 740 574 Ut
783 514 919 574 hinc
965 512 1110 594 ergd
1153 510 1420 595 primitus
1848 535 1953 578 vos
1994 522 2259 577 nostrum
2305 517 2620 594 sequimini

664 631 775 693 per
818 632 930 677 noa
975 623 1169 678 sumat
1211 616 1512 696 gaudium,
1844 615 2154 697 ‘paulatim’
2204 618 2537 695 vestigium.

536 716 757 778 Postea
797 721 988 778 nuntii
1026 718 1315 795 festinent
1356 721 1437 780 ad
1478 720 1771 780 Herodem
1814 721 2076 780 dicentes
2090 740 2108 776 .-

542 825 641 878 24.
664 807 799 880 Rex
843 817 1142 892 Herodes,
1188 820 1391 898 accipe
1847 819 1966 900 lpsi
2008 825 2207 880 natum
2249 826 2522 880 asserunt

669 919 945 998 quiddam
992 920 1435 992 admirandum,
1847 938 2051 1001 regem
2092 920 2525 992 venerandum,

664 1014 778 1081 iam
823 1039 856 1083 a
898 1023 1083 1084 tribua
1128 1021 1364 1101 regibus
1851 1025 1946 1084 oui
1990 1040 2128 1085 esse
2170 1040 2293 1083 nou
2339 1023 2635 1100 ambigunt

663 1123 763 1182 tibi
809 1121 1217 1184 reserandum.
1847 1124 2054 1184 orbem
2098 1121 2538 1200 subiugaudum.

535 1225 878 1299 Respondet
918 1225 1178 1285 Herod
1188 1241 1269 1295 ec
1310 1242 1438 1285 cum
1480 1243 1692 1301 unoquo
1734 1228 2170 1302 indiqnatione:

540 1333 638 1387 25.
663 1314 789 1386 Cur
832 1323 1061 1386 audetis
1106 1326 1241 1386 talia
1361 1390 1366 1395 ,
1710 1386 1721 1395 ,
1845 1328 2001 1387 Num
2042 1323 2312 1387 Herodes
2357 1341 2467 1402 ego
2514 1341 2643 1384 sum

664 1428 787 1507 regi
832 1424 1220 1510 presentare?
1842 1434 2058 1507 potens
2102 1426 2414 1503 subiugare

655 1528 878 1600 Nolite,
922 1546 1030 1589 vos
1075 1527 1354 1599 consulo,
1841 1526 2122 1608 quiequid
2167 1525 2423 1588 mundus
2469 1527 2758 1593 continet,

662 1629 872 1691 falsum
918 1627 1218 1691 fabricare.
1840 1631 2071 1713 celum,
2115 1636 2360 1699 terram,
2402 1625 2606 1687 mare?

536 1733 684 1791 Post
722 1731 835 1813 hec
863 1731 1135 1791 Herodes
1177 1735 1429 1792 maxime
1472 1721 1808 1810 indi'ynama
1851 1734 2060 1793 vocari
2098 1733 2294 1807 faciat
2320 1729 2837 1804 archisynaqoqum

626 1849 753 1891 cum
794 1832 1009 1913 Judeia
1054 1836 1180 1891 suia
1224 1832 1457 1892 dinem:

541 1941 636 1993 26.
665 1921 802 1993 Hue
846 1930 1027 2015 ludea
1069 1933 1263 1994 veniat·
1847 1941 1906 1995 et
1949 1950 2063 2012 ego
2106 1950 2214 1993 vos
2264 1931 2586 2013 precipiam

662 2033 918 2119 fecunda
961 2034 1243 2104 consilio,
1846 2035 2060 2112 exponi
2106 2032 2421 2112 supplicio,

663 2143 727 2197 ut
769 2137 1077 2197 nobiseum
1124 2134 1409 2196 ‘disserat’
1848 2138 1897 2197 si
1939 2152 2045 2199 voe
2090 2151 2226 2194 esse
2274 2132 2472 2193 devios

663 2254 847 2316 super
890 2237 1001 2297 hoe
1046 2236 1296 2312 negocio
1319 2281 1334 2306 ,
1847 2236 2234 2315 conprobabit
2275 2235 2438 2297 ratio.

533 2339 710 2399 Modo
753 2343 960 2400 veniat
999 2337 1507 2414 archisynayoqua
1552 2356 1681 2398 eum
1723 2356 1935 2416 mayna
1987 2337 2273 2414 cuper-bia
2331 2341 2393 2394 et
2429 2335 2644 2416 Judeia
2700 2336 2836 2403 εαὲε,

621 2441 717 2500 cui
762 2440 924 2499 dicat
962 2438 1234 2499 Herodes
1250 2460 1267 2497 .·

540 2549 640 2601 27.
664 2530 783 2612 Te,
830 2539 1140 2617 magister,
1184 2538 1450 2618 alloquor
1845 2540 1974 2602 Huc
2018 2546 2140 2600 tres
2183 2538 2338 2616 magi
2379 2537 2620 2597 veniunt

666 2648 727 2703 et
768 2638 1073 2701 advertant
1115 2640 1235 2702 alii:
1848 2658 1967 2701 non
2011 2644 2304 2701 astrorum
2344 2637 2552 2709 inscii,

666 2750 866 2805 nostra
911 2741 1143 2804 mordet
1184 2745 1412 2805 viscera
1848 2743 1949 2820 qui
1989 2738 2064 2801 ad
2109 2745 2303 2800 ortum
2346 2744 2665 2818 properant

667 2843 798 2904 duri
836 2841 991 2903 fama
1032 2846 1233 2906 nuntii.
1846 2842 2210 2925 prepotentis
2253 2838 2372 2900 filii.

539 2945 930 3019 Respondeat
954 2945 1472 3024 Archisynaqoqua
1516 2965 1641 3008 cum
1685 2962 1899 3023 maqna
1941 2947 2240 3018 capientia
2283 2948 2345 3001 et
2390 2943 2783 3019 eloquentia*

545 3054 644 3108 28.
672 3035 768 3106 Ne
813 3061 1119 3117 eur-arum,
1167 3044 1438 3115 domine,
1848 3047 2043 3124 Reges
2090 3046 2265 3115 testie,
2314 3042 2518 3115 video,
2786 3039 2793 3046 ’

667 3148 923 3209 verseris
965 3148 1026 3207 in
1070 3148 1258 3209 bivio!
1847 3145 2006 3226 quod
2048 3145 2361 3224 prophetat
2402 3144 2660 3215 habitus»,

670 3246 822 3309 Trea
868 3246 985 3307 hue
1028 3264 1201 3326 reges
1247 3248 1506 3317 veniant,
1848 3254 2046 3310 vester
2088 3245 2225 3307 mihi
2268 3251 2468 3322 gratus
2515 3253 2607 3305 est

669 3347 977 3432 querendo
1022 3347 1098 3409 de
1140 3348 1294 3419 filio,
1847 3349 2035 3410 faetus
2080 3346 2154 3408 ad
2196 3365 2308 3408 nos
2353 3348 2645 3407 transitus,

668 3451 876 3529 quibus
921 3457 980 3511 te
1026 3451 1308 3511 concilies
1849 3448 1970 3509 Sed
2015 3448 2156 3527 quid
2203 3468 2307 3510 vos
2351 3448 2468 3509 hue
2512 3452 2774 3517 traxerit,

670 3551 929 3629 diligenti
972 3549 1169 3611 studio
1193 3594 1208 3619 ,
1848 3557 2108 3612 reserate
2151 3553 2416 3629 penituS,

670 3659 729 3713 et
772 3655 858 3713 eis
904 3653 990 3712 sie
1035 3651 1282 3730 loquere
1847 3668 1983 3712 nam
2027 3651 2189 3711 vobis
2232 3649 2308 3709 ad
2353 3653 2546 3713 omnia

669 3753 776 3813 sub
822 3755 1038 3814 amoris
1083 3753 1293 3831 pallio:
1848 3769 1949 3812 rex
1994 3753 2103 3811 erit
2146 3752 2458 3829 expositus,

540 3856 959 3929 Respondeant
1001 3873 1179 3932 reyes
1196 3879 1212 3914 .·
1980 3928 1987 3932 ἢ

544 3964 641 4017 29.
672 3947 859 4017 Stella
903 3974 1053 4017 nova
1099 3956 1283 4017 radiat
1451 4013 1470 4030 ,
1848 3961 1906 4014 et
1950 3954 2031 4013 nil
2074 3960 2226 4015 stare
2270 3957 2518 4034 poterit,

669 4059 795 4117 eius
841 4065 1004 4117 ortus
1050 4058 1283 4127 nuntia,
1849 4055 2069 4135 absque
2113 4054 2283 4116 huius
2328 4056 2522 4132 gratia.

671 4158 765 4218 cui
809 4157 1062 4219 mundus
1107 4156 1372 4227 obediet,
1469 4199 1478 4208 -
1849 4156 1971 4218 Nos
2014 4155 2088 4217 ad
2129 4157 2292 4216 illum
2335 4153 2632 4216 tendimus

670 4264 726 4317 et
772 4261 869 4338 qui
916 4264 1081 4337 reget
1129 4259 1349 4326 omnia,
1849 4257 1962 4337 hec
2006 4256 2264 4318 ferentes
2311 4255 2590 4318 ‘munera’
