3155 4946
1662 384 1792 457 230

578 566 768 632 Nocte
808 583 951 630 cum
990 563 1091 629 illa
1133 566 1185 627 si
1227 564 1523 627 dormiero
1539 609 1556 636 ‚
1750 562 2116 644 simplicibus
2173 560 2446 624 mammis
2519 564 2588 621 ut
2648 558 2869 622 allude-

577 673 631 734 si
671 687 781 733 sua
821 668 984 732 labra
1025 665 1216 737 semel
1259 684 1474 731 suxero
1492 713 1510 740 ,
2157 680 2303 726 rem.

574 778 831 835 mortem
871 771 1069 832 subire
1084 815 1101 840 ‚
1750 769 1853 830 Sic
1896 766 2208 846 cogitando
2252 766 2415 827 sensi
2456 764 2781 835 Venerem,

573 874 879 955 placenter
921 872 1085 933 obire
1106 916 1123 943 ,
1751 869 1908 932 sedit
1947 872 2008 932 iu
2051 886 2154 930 ore

573 977 871 1054 vitamque
911 974 1081 1036 finire
1751 990 1887 1035 rosa
1928 990 2065 1033 cum
2106 969 2331 1051 pudore
2349 1014 2365 1040 ‚

572 1077 766 1140 libens
808 1080 1045 1159 potero,
1750 1075 2018 1154 pulsatus
2065 1089 2264 1134 amore
2280 1117 2298 1144 ,

573 1178 674 1241 hei
694 1185 936 1257 potero,
965 1177 1065 1238 hei
1086 1181 1297 1257 potero
1315 1221 1333 1248 ,
1356 1175 1455 1236 hei
1470 1179 1700 1253 potero,
1751 1174 1911 1256 quod
1953 1193 2023 1237 os
2064 1174 2416 1246 lambet-em,
3123 1168 3126 1243 4

574 1285 736 1342 tanta
780 1281 832 1342 si
874 1279 1086 1360 gaudia
1128 1294 1434 1358 recepero.
1748 1278 1846 1340 hei
1873 1276 2228 1348 lamberem,
2263 1275 2363 1338 hei
2391 1272 2711 1338 lamberem
2727 1320 2745 1347 ,
2771 1274 2871 1337 hei
3125 1262 3126 1303 ¹

1117 1392 1164 1450 ³.
2155 1377 2479 1440 lamberem
2494 1424 2512 1450 ,

570 1471 773 1546 Ubera
816 1500 957 1545 cum
998 1480 1555 1551 animadverterem,
1747 1482 2089 1546 luxuriando
2132 1498 2245 1561 per
2286 1480 2703 1543 characterem.

572 1586 770 1666 optavi
813 1602 1023 1647 manus
1041 1629 1060 1657 ,
1103 1589 1171 1646 ut
1210 1581 1608 1651 involverem,
3125 1610 3126 1643 χ

1648 1979 1811 2053 168.

1579 2099 1764 2153 (rousz
1781 2099 1859 2152 ιι.)

1111 2190 1159 2245 1.
1492 2248 1503 2259 ,
2287 2189 2334 2240 5.

566 2285 779 2360 Lucu
821 2294 1074 2357 mendax
1116 2300 1180 2357 et
1220 2294 1452 2368 dolosa,
1741 2284 1878 2355 Iuro
1922 2290 2222 2376 Phebum,
2265 2294 2396 2354 iuro
2437 2287 2724 2363 Martem,

565 2399 766 2480 lingua
807 2413 1024 2478 procax
1063 2414 1362 2459 venenosa
1380 2442 1399 2469 ,
1741 2396 1845 2475 qui
1886 2396 2104 2455 amoris
2148 2393 2376 2456 ‘sciunt'
2421 2400 2641 2464 artem,

567 2502 762 2581 lingua
803 2497 977 2577 (ligna
1022 2498 1381 2572 detruncari,
1737 2499 1869 2558 iuro
1915 2513 2151 2576 quoque
2195 2503 2255 2558 te
2273 2542 2289 2567 ,
2339 2494 2565 2575 Cupido
2584 2479 2618 2566 ,⁴

569 2609 632 2664 et
671 2603 732 2662 in
774 2602 910 2678 igne
955 2604 1339 2663 concremari.
1738 2615 1942 2661 arcum
1984 2602 2155 2660 cuius
2200 2596 2533 2659 reformido.

1104 2766 1156 2822 2.
2276 2764 2326 2818 θ.

570 2862 706 2960 Que
749 2892 850 2937 me
890 2874 1032 2937 dicit
1075 2873 1459 2954 deceptorem
1736 2861 1971 2934 Arcum
2012 2872 2141 2932 iuro
2184 2888 2323 2933 curn
2367 2870 2592 2949 sagittis
2609 2915 2625 2941 ‚

569 2984 631 3039 et
671 2997 788 3068 qon
832 2977 1013 3039 fidum
1055 2984 1406 3048 amatorem,
1737 2993 1883 3056 quas
1926 2974 2271 3054 frequenter
2310 2976 2371 3034 in
2414 2991 2511 3033 me
2555 2971 2774 3042 mittis,

568 3097 745 3159 quam
787 3080 1053 3142 amabam
1097 3077 1391 3140 dimisisse
1409 3123 1426 3150 ‚
1736 3080 1864 3140 sine
1908 3076 2112 3138 fraude
2158 3079 2285 3137 sine
2329 3074 2465 3136 dolo

567 3186 630 3243 et
670 3180 746 3242 ad
787 3180 1032 3243 alteram
1073 3182 1372 3242 transisse.
1735 3179 1910 3262 fedus
1953 3179 2067 3240 hoc
2110 3195 2346 3240 servare
2391 3176 2540 3239 volo.

1104 3347 1153 3401 3.
2277 3345 2325 3396 7.

565 3439 739 3512 Vnde
782 3453 912 3513 iuro
953 3449 1159 3513 Musas
1202 3470 1449 3526 novem,
1739 3440 1892 3512 Volo
1936 3449 2107 3534 fedus
2150 3450 2498 3520 observare,

567 3551 845 3631 quodque
902 3556 1089 3614 maius
1145 3561 1280 3627 est,·
1319 3573 1429 3634 per
1467 3552 1688 3626 Iovem,
1740 3559 1800 3614 et
1842 3551 1919 3614 ad
1959 3552 2075 3635 hec
2117 3550 2413 3621 dicemus,
2458 3565 2674 3629 quare:

570 3652 708 3729 ‘qui’
752 3669 859 3730 pro
905 3652 1139 3716 ‘Danae’
1183 3658 1395 3716 sumsit
1435 3657 1590 3725 auri,
1738 3657 1896 3716 inter
1936 3654 2149 3714 choros
2192 3649 2520 3730 puellarum

569 3752 711 3832 ‘pro’
752 3752 987 3834 Europa
1028 3755 1276 3817 formam
1318 3758 1487 3817 tauri.
1740 3754 1881 3816 nihil
1923 3754 2044 3817 vidi
2086 3758 2206 3814 tam
2249 3752 2595 3831 preclarum.

1101 3920 1151 3973 4.
2272 3920 2323 3972 8.

568 4011 736 4083 Sciat
778 4021 956 4096 deus,
1001 4026 1190 4087 sciant
1232 4024 1359 4096 dei,
1733 4015 1897 4086 Inter
1937 4042 2084 4104 quas
2126 4041 2377 4105 appares
2420 4026 2528 4090 ita.

567 4142 688 4186 non
729 4142 862 4184 sum
903 4142 1042 4188 reus
1085 4125 1259 4186 huius
1303 4128 1423 4198 rei,
1733 4130 1800 4187 ut
1839 4127 1902 4186 in
1945 4143 2086 4189 auro
2131 4130 2441 4208 margarita
2459 4172 2475 4197 ,

567 4227 755 4287 sciant
797 4224 908 4297 dii,
953 4229 1100 4288 sciat
1143 4226 1323 4299 deus,
1734 4227 1994 4298 humeri,
2041 4236 2249 4306 pectus
2293 4235 2354 4289 et
2395 4231 2604 4289 venter

564 4327 741 4389 huius
784 4330 871 4389 rei
913 4346 1034 4394 non
1076 4347 1211 4392 sum
1250 4346 1407 4391 reus.
1723 4335 1874 4390 sunt
1914 4327 2162 4392 formata
2204 4335 2327 4392 tam
2369 4328 2668 4391 decenter.
