3155 4946
1404 338 1488 408 33

834 514 881 565 ὅ.

284 587 485 662 Homo
531 615 671 660 reus
716 599 1068 677 captivatur,
1468 599 1755 661 miserere
1797 597 2030 675 kyrios,

288 698 434 762 dum
476 700 570 760 hic
613 716 795 779 vagus
836 698 1103 760 exulatur
1121 744 1138 770 ,
1280 774 1287 780 ‚
1467 701 1629 763 salva
1669 708 1805 762 tuos
1848 698 2119 761 famulos.

287 819 409 863 non
453 800 529 863 de
572 800 701 861 iure
742 799 1092 878 gratulatur,
1126 798 1129 801 ’
2006 815 2060 867 8.

290 901 433 964 dum
475 902 574 964 hic
615 902 807 963 brevis
853 902 1146 964 moriatur.
1468 889 1922 984 Almaricus
1964 903 2136 963 miles
2180 900 2379 972 fortis,

24 995 76 1029 '¹
833 1018 881 1071 o.
1468 1021 1574 1064 rex
1619 1005 1951 1065 communis
1994 1011 2200 1088 nostre
2246 1005 2452 1076 sortis,

287 1097 616 1187 Imperator
657 1124 761 1168 rex
806 1104 1004 1189 Grec
1023 1123 1231 1167 orum
1468 1105 1529 1165 in
1572 1104 1795 1184 Egypto
1839 1105 2033 1167 fractis
2077 1106 2264 1183 portis
2341 1094 2346 1097 ’

292 1210 483 1270 minas
527 1223 820 1287 spernens
863 1223 1227 1285 paganorum
1473 1204 1763 1267 Turcos
1808 1205 2009 1267 stravit
2051 1204 2178 1289 (lire
2223 1207 2449 1269 mortis.

293 1326 438 1373 auro
482 1312 723 1387 sumpto
766 1306 1179 1368 thesaurorum
2010 1321 2061 1375 o,

291 1416 458 1491 parat
499 1415 776 1491 sumptus
819 1415 1190 1470 armatorum.
1476 1396 1690 1469 Omnia
1734 1426 1878 1489 ergo
1922 1409 2287 1471 Christianus

668 1492 675 1501 ’
830 1526 882 1578 ’1.
1473 1508 1547 1572 ad
1594 1509 1888 1590 Egyptum
1928 1508 2132 1571 tendat
2171 1527 2413 1580 manus,

295 1602 452 1675 Rea.
497 1610 700 1703 ‘figiqs
746 1630 783 1672 o
827 1612 996 1674 theos
1040 1611 1378 1685 athanatos,
1473 1626 1721 1690 semper
1760 1610 1839 1670 ihi
1885 1608 2059 1687 (legat
2100 1628 2312 1682 sanus,

298 1716 458 1777 imon
498 1716 646 1785 sotir
676 1710 999 1795 ,ἥρωι-σε’,
1081 1783 1085 1787 ‚
1473 1710 1808 1775 destruatur
1850 1727 1952 1771 rex
1997 1727 2275 1790 paganus.
2317 1707 2520 1785 Agios.

1314 2192 1594 2265 XXVIII.

1353 2343 1447 2395 (τοι
1477 2343 1560 2393 ιτ.)

847 2518 895 2568 ¹·
1572 2534 1779 2597 urbem
1825 2532 2012 2596 David

304 2621 536 2699 ‘Nom'
581 2654 616 2698 a
657 2636 1020 2699 solemnibus
1568 2655 1604 2699 a
1646 2639 1890 2717 paganis
1929 2632 2127 2700 hodie.

302 2738 480 2798 trahit
520 2734 979 2809 solemniacum,
2032 2750 2080 2804 2.

305 2838 590 2899 solemnis
635 2836 879 2915 exigitur
1482 2828 1728 2900 Festum
1770 2839 1982 2917 agitur,
2068 2875 2076 2884 ·

307 2939 533 3007 omnis,
573 2943 777 3020 preter
818 2937 1172 3000 monachum
1486 2940 1612 3003 dies
1656 2939 1967 3008 recolitur,

308 3039 406 3118 qui
453 3035 597 3099 ‘sihi’
639 3036 819 3100 virilia
1484 3043 1547 3103 in
1593 3057 1711 3119 qua
1756 3040 1958 3119 Dagon
2003 3038 2318 3120 frangitur,
2389 3086 2396 3091 -

307 3142 601 3202 resecavit
641 3139 985 3214 Sarracum;
1487 3150 1663 3205 natus
1706 3139 1864 3220 Agar
1906 3141 2182 3220 pellitur,

304 3241 473 3303 illum
514 3242 652 3303 hinc
695 3244 1055 3322 ‘excipimus'
1487 3243 1833 3307 Abimelech
1876 3244 2130 3306 vincitur
2148 3286 2166 3315 ,

303 3350 584 3425 tauquam
625 3341 1066 3420 demoniacum,
1484 3345 1813 3409 Ierusalem
1837 3346 2103 3424 eripitur

302 3445 434 3527 ipse
478 3444 642 3508 solus
684 3444 882 3524 lugeat
1352 3499 1358 3506 .
1488 3455 1550 3510 et
1593 3447 1921 3509 christianis
1963 3444 2258 3516 redditur,

304 3564 448 3609 reus
489 3545 648 3627 apud
689 3544 925 3609 Eacum.
1491 3546 1656 3620 dies,
1701 3547 1969 3608 colamus
2012 3548 2207 3626 igitur.

391 3648 731 3710 Exultemus
2034 3658 2085 3712 3.

394 3756 457 3811 et
497 3757 805 3812 cantemus
1488 3741 1629 3836 HP⁰
1673 3748 1813 3811 urbs
1855 3748 2217 3810 nobilissima

395 3852 690 3913 cauticum
733 3851 1015 3936 victorie,
1494 3856 1750 3934 primum
1792 3868 1996 3931 regem
2039 3848 2268 3922 habuit,

397 3958 458 4014 et
500 3953 825 4014 clamemus
1495 3956 1612 4039 hec
1655 3951 1866 4015 eadem
1909 3952 2156 4014 maxima

399 4070 546 4133 quaa
593 4051 877 4116 debemus
1496 4055 1753 4118 Domino
1795 4053 2161 4132 conplacuit,

399 4152 607 4215 laudea
648 4157 775 4236 regi
815 4156 1035 4242 glorie,
1497 4163 1560 4219 et
1600 4173 1787 4236 super
1829 4155 2134 4235 apostolos

402 4257 502 4334 qui
542 4256 819 4321 ‘salvavit’
1497 4258 1734 4338 spiritua
1778 4259 2044 4321 intonuit.

414 4368 775 4422 comnmn.
2153 4365 2219 4419 ‘⁸
