3155 4946
1664 339 1790 408 174

1617 513 1738 590 94.
1789 539 1850 591 a.

1121 684 1144 735 ¹
1587 626 1691 679 (rol.
1717 625 1770 674 ³4
1793 628 1868 679 b.)

576 761 681 834 Ich
722 771 819 834 lob
863 769 960 833 die
1005 770 1236 832 ‘lichen’
1279 769 1524 832 frovven
1566 771 1691 831 min
1761 767 1919 830 Mine
1961 768 2183 831 herzen
2225 766 2400 830 leben
2442 770 2495 830 ir
2535 767 2679 830 hant

578 891 689 936 vor
730 871 885 935 allen
930 867 1109 951 gniten
1151 871 1390 942 vvihen,
1762 870 2077 949 gebunden
2116 870 2219 932 hat
2261 889 2336 932 an
2380 870 2520 932 elliu
2561 869 2732 941 bant,

580 976 688 1036 mit
730 973 927 1035 diensi
968 973 1065 1035 wil
1105 973 1204 1034 ich
1245 974 1299 1033 ir
1339 979 1497 1058 stete
1540 974 1666 1045 sin,
1762 974 1884 1034 min
1926 991 2084 1051 ouge
2128 973 2268 1034 sach
2313 975 2410 1034 nie
2454 973 2710 1034 sehoner
2749 959 2881 1049 wip.

580 1076 704 1138 und
743 1077 957 1137 immer
1000 1079 1155 1159 stete
1198 1073 1451 1143 heliben.
1760 1073 1869 1135 Ein
1913 1074 2088 1153 engel
2129 1076 2209 1137 ist
2250 1077 2303 1136 ir
2344 1075 2444 1155 lip.

529 1242 534 1248 ,
582 1177 646 1239 Si
689 1179 768 1238 ist
810 1175 897 1238 als
941 1180 1038 1238 ein
1081 1177 1505 1257 ‘spiegelglas',
2296 1175 2344 1228 3.

583 1279 634 1341 si
661 1281 738 1341 ist
770 1282 1011 1355 gantzer
1035 1276 1293 1359 tugende
1324 1279 1422 1340 ein
1452 1277 1709 1352 adamas,
1760 1250 1885 1322 Min
1927 1260 2104 1323 leben
2147 1267 2264 1324 ⁸²³¹
2303 1265 2366 1324 5¹¹
2408 1264 2462 1324 if
2503 1262 2746 1344 ΒθῊῙῑν

582 1377 702 1442 vnd
744 1379 999 1440 schoner
1039 1372 1214 1440 zfihte
1258 1381 1339 1440 ist
1380 1381 1430 1440 si
1474 1398 1543 1442 so
1592 1379 1709 1452 vol,
1762 1363 1867 1425 <1³2
1912 1362 2003 1424 ⁸⁰¹
2048 1367 2099 1425 Si
2141 1364 2257 1426 Wol
2297 1358 2680 1436 bedenchem

582 1498 700 1544 von
743 1479 851 1542 der
890 1478 987 1540 ioh
1031 1480 1315 1542 chumher
1358 1479 1475 1543 (ιρι,
1760 1464 1921 1527 lazze
1962 1465 2119 1526 mich
2161 1467 2270 1526 mit
2312 1459 2565 1527 trduden
2608 1463 2854 1526 werden

1126 1581 1173 1635 2.
1756 1566 1853 1628 ioh
1882 1566 1978 1628 wil
2017 1567 2071 1627 ir
2108 1568 2362 1628 nimmer
2382 1566 2687 1629 wenchen.
2759 1563 2892 1644 [alt,

582 1658 643 1732 Ir
684 1673 846 1731 roter
887 1684 1293 1730 rosenvarwer
1334 1674 1501 1731 munt
1756 1668 1875 1731 Wil
1919 1671 2003 1742 si,
2047 1667 2145 1730 ich
2186 1666 2320 1730 lebe
2364 1668 2507 1740 wol,

585 1770 694 1833 der
731 1764 822 1831 tfit
863 1768 1020 1830 mich
1063 1787 1249 1832 senen
1292 1768 1463 1833 diche
1481 1816 1499 1843 ‚
1759 1769 1866 1833 daz
1909 1769 2082 1832 diene
2111 1768 2209 1832 ioh
2236 1771 2449 1832 immet
2478 1769 2620 1831 swie
2647 1766 2747 1828 ich
2779 1765 2894 1840 sol,

583 1875 639 1937 ir
679 1889 877 1951 ougen
917 1871 1167 1935 brehent
1207 1889 1278 1934 ze
1323 1871 1469 1936 aller
1524 1876 1707 1946 stunt,
1759 1872 2022 1952 gebiutet
2064 1873 2147 1943 si,
2189 1871 2285 1933 ioh
2328 1871 2446 1953 lige
2490 1876 2595 1933 tot.

587 1990 717 2036 sam
752 1979 916 2035 stem
944 1971 1128 2035 diu-oh
1156 1970 1426 2035 wolchen
1451 1973 1705 2042 hlikche.
1759 1975 1876 2038 Sus
1921 1972 2076 2037 leide
2120 1975 2220 2037 ich
2263 1973 2502 2038 wernde
2545 1979 2666 2036 not.

1679 2189 1798 2265 95.

1128 2357 1153 2408 ¹
1597 2299 1710 2355 (τοι
1735 2303 1790 2347 δῦ
1815 2313 1853 2349 ι
1866 2304 1894 2356 >

588 2434 632 2506 J
633 2461 727 2509 am
771 2442 994 2506 dudum
1037 2441 1301 2527 estivalia
1774 2445 1971 2509 fervor
2013 2443 2216 2507 ‘abest'
2259 2432 2487 2524 pectori
2506 2488 2523 2515 ,

589 2549 986 2628 pertransiere
1030 2553 1300 2626 ternpore
1314 2590 1331 2617 ,
1772 2549 1892 2610 iam
1935 2545 2092 2609 cedit
2134 2544 2296 2607 calor
2337 2544 2556 2626 frigori.

588 2648 871 2712 brumalis
917 2650 1124 2732 sevitia
1773 2646 2131 2711 maledicant
2173 2646 2387 2708 ‘hiemi’

589 2753 711 2814 iam
751 2751 914 2812 venit
953 2750 1018 2811 in
1058 2749 1323 2821 tristitia,
1775 2753 1877 2832 qui
1919 2753 2077 2813 veris
2121 2754 2290 2811 erant
2331 2745 2488 2809 soliti

593 2850 815 2932 grando
831 2897 849 2924 ,
891 2852 990 2913 nix
1031 2843 1098 2913 et'
1135 2848 1331 2931 pluvia
1774 2854 2092 2938 amenitate
2135 2849 2376 2931 perfrui.

594 2957 683 3018 sio
725 2954 906 3017 eorda
952 2953 1205 3018 reddunt
1246 2956 1480 3036 segnia,

594 3061 662 3122 ut
702 3054 1048 3119 desolentur
1088 3058 1303 3119 omnia.
2316 3038 2366 3090 ¹¹·

1137 3155 1186 3210 2.
1771 3134 1842 3208 In
1883 3144 2044 3206 omni
2084 3142 2219 3204 loeo
2263 3156 2525 3218 congruo

594 3231 753 3305 Nam
797 3244 1098 3305 conticent
1139 3244 1367 3328 avicule
1383 3289 1401 3317 ‚
1775 3249 2071 3310 sermonis
2115 3243 2430 3306 oblectatio

596 3361 716 3429 que
760 3344 1029 3407 solebant
1067 3345 1131 3406 in
1172 3361 1416 3407 nemore
1774 3367 1910 3411 eum
1955 3364 2099 3410 sexu
2142 3346 2400 3407 femineo

603 3448 830 3508 cantica
874 3444 1254 3526 depromere,
1773 3450 2009 3513 evanuit
2049 3446 2407 3509 omnimodo.

597 3553 660 3611 et
690 3547 1034 3628 'voluptates
1077 3549 1348 3626 gignere:
1774 3549 2090 3630 ‘Tempori’
2133 3551 2421 3634 preterito

594 3651 774 3714 tellus
817 3657 980 3712 earet
1020 3652 1281 3729 gramine
1296 3695 1313 3722 ,
1775 3655 1853 3716 sit
1895 3651 2078 3714 decus
2121 3654 2184 3712 in
2226 3656 2516 3732 perpetuo

598 3752 690 3816 eol
732 3753 893 3815 lento
936 3753 1116 3814 micat
1153 3750 1355 3813 iubare
1372 3797 1388 3824 ,
1778 3761 1840 3816 et
1883 3756 2198 3833 gratiarum
2241 3754 2414 3814 actio.

599 3860 662 3917 et
704 3853 831 3916 dies
877 3858 1121 3916 currunt
1163 3868 1437 3932 propere.
2310 3936 2342 3987 5

1142 3952 1190 4004 3.
2347 3973 2364 3989 ·

596 4030 703 4104 Ad
749 4039 1196 4119 obsequendum
1237 4040 1456 4103 Veneri
1774 4033 1892 4104 Pro
1938 4041 2125 4102 dulcis
2169 4057 2313 4125 aure
2358 4042 2605 4102 transitu

597 4145 687 4208 vis
734 4149 856 4205 tota
898 4143 1139 4220 languet
1181 4144 1390 4215 animi,
1776 4151 1836 4207 et
1877 4144 2247 4223 tempestatis
2290 4145 2516 4222 impetu

1290 4245 1553 4318 [Desunt
1593 4250 1656 4309 in
1699 4250 1903 4310 codice
1947 4248 2202 4321 cetera]
