3155 4946
1429 360 1553 431 145
1652 404 1655 405 ν

865 533 948 585 32.
1688 524 1703 535 “
1720 522 1767 558 ”’
2039 534 2126 587 33.

342 627 629 717 Quisquis
675 642 833 700 a'mat
875 638 1108 715 itaque,
1516 629 1608 702 Ex
1652 641 1867 703 amaris
1911 638 2191 719 equidem

341 743 460 804 mei
503 738 850 805 mcordetur
871 784 888 811 ,
1389 781 1394 785 ·
1516 758 1714 805 amara
1759 747 2140 821 generantur,
2458 763 2491 791 ³-

339 862 451 906 nec
496 840 718 907 diffidat
759 843 918 907 illico
936 891 952 916 ,
1516 841 1639 905 non
1682 845 1812 904 sine
1854 841 2153 904 laboribus

338 944 481 1008 licet
523 951 661 1008 ‘non
705 946 980 1018 ametur’3
1452 990 1456 994 -
1516 948 1767 1010 maxima
1809 953 2121 1026 parantur,

338 1042 423 1109 ini
465 1066 681 1129 nempe
727 1049 921 1129 aliqua
1177 1128 1186 1135 .
1323 1076 1326 1079 1
1515 1047 1689 1110 dulce
1733 1050 1852 1110 mel
1896 1051 1997 1128 qui
2041 1053 2329 1128 appetunt

339 1149 467 1213 dies
509 1150 887 1224 ostendetur,
923 1150 932 1161 ’
1315 1175 1319 1178 ⁴
1515 1166 1663 1234 sepe
1708 1151 2117 1223 stimulantur,

337 1270 452 1332 qua
494 1270 781 1333 penarum
826 1251 1073 1331 gloriam
1514 1251 1794 1331 ‘sperent'
1839 1270 1982 1331 ergo
2026 1250 2241 1314 melius
2324 1248 2328 1252 Α

296 1411 300 1415 ,
334 1361 472 1436 post
516 1355 891 1435 adipiscetur.
1256 1418 1260 1423 ,
1515 1354 1620 1434 qui
1663 1353 1798 1435 plus
1841 1361 2192 1417 amarantur.
2225 1407 2228 1412 .

1431 1675 1583 1752 51.·
1631 1713 1634 1716 ·

1334 1777 1459 1860 (rot.
1484 1804 1537 1851 ss
1559 1804 1626 1857 ιι.)

457 1954 464 1961 .
876 1911 922 1966 1.
1656 1929 1661 1933 ·
2061 1909 2111 1963 3.

334 2001 484 2074 Amn
525 2017 663 2077 novi
709 2001 883 2078 rediit
925 2020 1154 2080 novitas
1169 2062 1186 2089 ,
1515 2005 1725 2077 Venus
1766 2032 1866 2075 me
1910 2013 2030 2075 telo
2074 2000 2401 2075 vulneravit
2432 2024 2435 2026 ·

334 2113 549 2177 hiemis
595 2114 753 2178 cedit
796 2120 1113 2196 asperitas,
1517 2136 1730 2189 aureo,
1776 2115 1935 2195 quod
1980 2134 2084 2176 cor
2124 2113 2475 2196 penetravit.

301 2215 545 2301 ¹breves
589 2217 717 2280 dies
763 2221 1215 2300 prolongantur,
1520 2219 1748 2299 Cupido
1792 2219 1956 2281 faces
2000 2218 2339 2290 instillavit,

335 2300 630 2382 elementa
673 2328 1097 2400 temperantur.
1515 2319 1702 2382 Amor
1745 2338 2009 2382 amorem
2051 2320 2351 2399 superavit

334 2420 713 2486 subintrante
758 2423 1033 2488 Januario
1514 2422 1830 2508 iuvencule
1874 2441 1981 2504 pro
2027 2439 2142 2502 qua
2186 2421 2321 2485 volo
2366 2422 2536 2483 mori.

332 2542 502 2586 mens
551 2532 683 2609 estu
727 2524 969 2604 languet
1008 2525 1204 2601 vario,
1514 2525 1649 2588 Non
1692 2528 1902 2606 iungar
1942 2527 2187 2597 cariori,

334 2633 579 2706 propter
618 2628 880 2707 puellam
923 2646 1102 2709 quam
1147 2630 1344 2712 diligo.
1514 2629 1659 2690 licet
1699 2633 2001 2691 accrescat
2043 2625 2212 2689 dolor
2255 2624 2462 2687 dolori.

433 2743 446 2798 ῑ
513 2795 526 2812 ἒ
874 2748 926 2797 2.
1528 2802 1542 2813 ,
2059 2747 2110 2799 4.

332 2821 606 2893 Prudens
653 2838 748 2893 est
778 2832 1147 2914 multumque
1182 2835 1464 2909 formosa,
1512 2824 1679 2897 Illius
1725 2840 1932 2913 captus
1977 2852 2113 2895 sum
2158 2849 2389 2905 amore,

335 2933 637 3013 pulchrior
680 2932 802 2994 lilio
845 2934 941 2996 vel
985 2953 1151 3008 rosa,
1481 2938 1685 2998 ‘cuius
1732 2933 1844 2996 flos
1889 2933 2080 2996 adhuc
2125 2942 2217 2996 est
2258 2935 2322 2995 in
2364 2933 2531 2996 flore.

338 3035 540 3114 gracili
584 3040 883 3096 coartatur
925 3044 1173 3109 statura,
1511 3039 1718 3101 Dulcis
1761 3038 1825 3098 fit
1864 3036 2029 3099 labor
2070 3040 2134 3099 in
2174 3039 2289 3098 hoc
2331 3037 2562 3110 labore,

335 3139 697 3222 prestantior
740 3139 899 3197 omni
945 3145 1238 3211 creatura,
1514 3142 1787 3204 osculum
1829 3142 1882 3200 si
1925 3145 2122 3202 sumat
2164 3158 2232 3200 os
2277 3140 2348 3201 ab
2392 3158 2515 3201 ore.

331 3238 527 3318 placet
568 3239 703 3317 plus
746 3238 992 3323 Francie
1036 3242 1256 3318 regina.
1511 3244 1647 3306 Non
1689 3247 1849 3305 tactu
1893 3242 2142 3303 sanabor
2184 3241 2500 3314 labiorum,

330 3339 483 3403 Mihi
527 3359 688 3402 mors
734 3347 826 3401 est
868 3343 986 3402 iam
1029 3344 1252 3414 vicina,
1510 3347 1628 3408 nisi
1671 3362 1777 3405 cor
1817 3361 2003 3405 unum
2045 3343 2144 3405 fiat
2185 3343 2439 3405 duorum

330 3444 447 3505 nisi
490 3450 682 3530 sanet·
704 3459 801 3503 me
845 3440 957 3504 flos
1001 3442 1074 3504 de
1119 3446 1305 3523 spina.
1511 3454 1574 3509 et
1602 3447 1763 3510 idem
1788 3447 1960 3510 velle.
2031 3430 2209 3520 Vale,
2238 3447 2349 3509 flos
2386 3446 2636 3509 florum!

1295 3793 1304 3800 ¹
1426 3789 1544 3866 52.

1363 3920 1479 3974 (fol.
1504 3920 1605 3977 84.)

879 3993 925 4044 1.

331 4083 582 4156 Esnvm
625 4094 735 4156 sub
779 4095 1009 4158 fervore
1027 4142 1043 4168 ‚
1397 4141 1416 4154 .
1508 4098 1618 4160 sub
1662 4099 1818 4184 olive
1860 4117 1959 4162 me
2002 4100 2220 4163 decore

302 4182 567 4277 ¹quando
613 4204 823 4260 cuncta
864 4207 1003 4262 sunt
1045 4200 1108 4261 in
1151 4199 1299 4263 flore
1317 4247 1333 4273 ‚
1509 4208 1645 4286 estu
1687 4201 1913 4265 fessum
1957 4211 2020 4266 et
2063 4204 2271 4268 ardore

330 4304 489 4362 totus
533 4316 697 4362 eram
739 4301 800 4361 in
843 4301 1084 4375 ardore;
1507 4302 1809 4370 detinebat
1854 4323 2039 4393 mora.

431 4412 581 4516 Godg
611 4413 772 4461 Bursa.
2147 4418 2174 4473 1
2186 4416 2222 4472 0
