3155 4946
1437 353 1551 420 195

1412 528 1566 598 120.

1351 639 1440 680 «fot.
1472 638 1521 679 63
1549 639 1619 684 li.)

878 715 918 760 ι.
2050 710 2100 758 «t.

331 785 484 854 vm
526 794 686 854 dulci
731 794 1026 855 mediante
1045 839 1060 861 ‚
1511 781 1771 856 “Munus
1816 800 2111 864 vestrum,
2157 795 2377 870 inquit,
2422 795 2559 854 nolo
2579 840 2592 857 .

330 914 448 956 non
491 899 552 956 in
596 897 753 957 inaio
773 941 789 966 ,
835 895 1011 972 paulo
1058 904 1191 955 ante
1211 942 1225 965 ‚
1509 897 1648 972 quia
1692 894 1850 973 pleni
1896 895 2042 955 estis
2087 892 2226 954 dolo
2244 895 2295 962 ‚⁹⁹

328 998 460 1057 luce
504 996 650 1057 solis
696 994 957 1058 radiante
1388 1061 1392 1066 ,
1508 1003 1570 1057 et
1616 1012 1682 1056 se
1726 997 1816 1056 sic
1860 992 2126 1055 defendit
2170 998 2319 1055 edio.

323 1100 488 1176 virgo
536 1096 697 1158 vultu
743 1095 1013 1173 elegante
1508 1097 1994 1176 conprehensam
2035 1098 2149 1157 ieci
2192 1098 2340 1157 solo.

329 1198 533 1258 fronde
577 1197 769 1258 stabat
811 1196 920 1256 sub
966 1206 1247 1259 vernante
1506 1197 1733 1259 clarior
1778 1215 1898 1258 non
1948 1197 2041 1259 est
2086 1197 2194 1257 sub
2239 1198 2377 1276 polo

328 1315 545 1359 canens
591 1314 727 1358 cum
772 1297 980 1356 cicuta.
1505 1296 1714 1358 vilibus
1758 1297 1979 1360 induta.

751 1460 758 1468 .
864 1412 916 1465 2.
2046 1420 2093 1470 5.

325 1493 468 1564 Illuc
514 1504 649 1563 veni
693 1501 815 1561 fato
859 1499 1055 1561 dante.
1502 1494 1666 1565 Satis
1709 1504 1792 1564 illi
1835 1504 1946 1566 fuit
1989 1521 2166 1580 grave
2188 1550 2202 1573 ,

323 1606 593 1684 Nympha
637 1620 756 1665 non
802 1609 897 1663 est
938 1601 1130 1684 forme
1175 1609 1338 1685 tante
1360 1649 1375 1676 ,
1505 1605 1650 1665 mihi
1693 1611 1924 1683 gratum
1968 1611 2028 1664 et
2073 1620 2270 1664 suave.

325 1703 698 1788 equipollens
741 1703 871 1763 eius
914 1703 1115 1785 plante
1133 1749 1149 1773 ‚
1501 1705 1693 1779 “Quid
1737 1705 1960 1775 fecisti,
2003 1706 2225 1782 inquit,
2272 1721 2449 1781 prave
2464 1702 2495 1762 ἲ

322 1824 442 1888 que
486 1821 583 1865 me
629 1804 791 1867 ‘viso'
835 1803 1149 1866 festinante
1502 1805 1620 1888 Ve,
1666 1808 1768 1889 ve!
1813 1813 2013 1867 tamen
2058 1823 2164 1866 ave
2183 1851 2197 1875 ‚

321 1924 503 1985 grege
547 1906 698 1983 fugit
740 1922 878 1966 cum
918 1906 1150 1967 halante
1502 1923 1575 1966 ne
1623 1905 1853 1966 reveles
1898 1905 2033 1975 ulli,
2078 1921 2250 1972 cave,

319 2013 482 2067 metu
527 2004 832 2066 dissoluta.
1467 2020 1471 2025 ·
1503 2013 1568 2066 ut
1610 2006 1721 2065 sim
1766 2004 1926 2065 domi
1971 2004 2154 2066 tuta.”

854 2119 903 2170 3.
2039 2123 2088 2172 6.

322 2197 603 2266 Clamans
645 2204 836 2266 tendit
879 2205 953 2266 ad
996 2205 1188 2278 ovile;
1501 2192 1614 2266 “Si
1658 2209 1915 2266 senserit
1956 2223 2128 2267 meus
2172 2213 2343 2284 pater

320 2307 472 2367 hanc
515 2306 822 2385 sequendo
867 2324 1110 2384 precor:
1156 2306 1293 2368 sile!
1498 2305 1594 2367 vel
1639 2303 1929 2367 Martinus
1973 2306 2161 2372 maior
2201 2305 2383 2367 frater
2399 2353 2415 2378 ‚

317 2406 536 2468 Preces
583 2408 810 2486 spernit
853 2412 914 2466 et
956 2407 1192 2467 monile.
1500 2408 1615 2468 erit
1653 2406 1797 2466 mihi
1838 2404 1968 2465 dies
2011 2411 2168 2478 ater;
2237 2447 2243 2451 -

318 2508 476 2571 Nihil
516 2509 726 2569 timeas
770 2508 1006 2569 hostile.
1497 2509 1593 2572 vel
1636 2511 1688 2568 si
1731 2510 1915 2568 sciret
1956 2523 2090 2568 mea
2133 2515 2322 2569 mater
2338 2556 2355 2581 ‚

316 2608 490 2684 Quod
534 2607 767 2670 ostendi
810 2615 976 2669 tenet
1019 2608 1130 2671 vile·
1498 2627 1636 2672 cum
1680 2610 1758 2669 sit
1800 2624 1991 2685 angue
2036 2610 2204 2686 peior
2246 2617 2480 2687 quater,

315 2712 480 2786 virgo
525 2711 613 2769 sic
657 2708 884 2768 locuta:
1498 2715 1677 2790 virgis
1723 2727 1857 2769 sum
1902 2708 2172 2769 tributa.”

1390 2956 1548 3029 121.

1366 3067 1457 3114 (fol.
1483 3069 1572 3118 64.)

858 3140 902 3189 1.
2029 3141 2081 3193 3.

315 3216 481 3287 Vnius
522 3226 713 3289 dulcis
756 3228 819 3286 in
861 3231 1130 3304 tempore
1492 3216 1655 3286 Ecce
1700 3224 2024 3288 florescunt
2065 3227 2182 3287 lilia
2196 3273 2211 3298 ,

313 3324 550 3387 florenti
593 3332 711 3388 stat
753 3325 862 3385 sub
904 3325 1113 3387 arbore
1492 3334 1552 3386 et
1595 3326 1919 3403 ‘virginum’
1964 3326 2105 3387 dant
2145 3331 2372 3404 agmina
2558 3390 2562 3396 ,

311 3424 539 3487 Iuliana
579 3444 716 3487 cum
760 3442 982 3486 sorore.
1490 3425 1758 3485 ‘summo’
1801 3423 2050 3484 deorum
2094 3429 2369 3487 carmina.
2563 3393 2602 3458 ἵ

313 3513 470 3585 Refl.
489 3515 700 3586 Dulcis
744 3529 941 3585 amor!
1244 3583 1247 3586 ,
1663 3524 1864 3585 Dulcis
1910 3531 2106 3588 amor!

480 3625 594 3698 Qui
637 3632 697 3686 te
744 3633 905 3685 caret
949 3625 1060 3685 hoc
1106 3634 1373 3702 tempore
1392 3672 1406 3696 ‚

480 3728 544 3788 nt
584 3726 771 3789 vilior.
2029 3730 2076 3779 4.

848 3839 896 3890 2.
1485 3820 1555 3889 Si
1599 3837 1868 3890 tenerem
1911 3847 2089 3908 quam
2133 3833 2300 3908 capio

306 3917 467 3989 Ecce
512 3928 836 3990 florescunt
878 3928 1118 3988 arbores
1141 3973 1156 3996 ‚
1482 3933 1541 3990 in
1588 3947 1833 3990 nemore
1878 3931 1986 3991 sub
2031 3930 2173 3991 folio
2191 3979 2206 4003 ,

303 4026 521 4090 lascive
566 4034 785 4089 canunt
827 4027 1099 4089 volucres
1117 4073 1131 4097 ,
1483 4028 1790 4091 oscularer
1833 4048 1970 4092 cum
2014 4032 2245 4110 gaudio,

302 4126 440 4188 inde
483 4135 798 4208 tepescunt
839 4132 1112 4209 virgines,
1655 4130 1857 4191 Dulcis
1902 4138 2094 4193 amor!

474 4230 674 4291 Dulcis
723 4249 890 4292 amor
912 4234 927 4291 l

1244 4339 1696 4350 ..ffl—

2077 4362 2195 4420 13*
