3155 4946
1447 383 1524 449 61

463 576 496 630 5
544 559 695 632 Tuta
732 568 912 631 libido
955 573 1132 632 maris
1176 540 1278 634 dat
1317 572 1482 635 thura
1524 571 1776 635 libidinis
1819 574 1933 635 aris
1953 619 1970 644 ,

621 671 843 736 civibus
885 673 1132 751 ignaris,
1176 671 1337 753 quod
1381 680 1548 754 parat
1588 691 1750 737 arma
1790 673 1971 737 Paris.

459 800 492 851 6
537 779 686 852 Post
727 807 940 852 cursus
981 788 1212 876 Helene
1254 799 1570 874 properant
1613 791 1689 854 ad
1730 793 1886 855 bella
1924 792 2213 878 Mycene,

623 891 822 986 ‘millo'
865 898 1020 954 rates
1062 893 1241 978 plene
1283 894 1526 959 fortibus
1569 897 1792 977 absque
1835 914 1997 958 sene.

455 1014 498 1072 7>
536 1001 907 1092 Exsuperare
950 1018 1110 1075 ratus
1152 1011 1515 1077 viduatorem
1556 1012 1823 1078 viduatus
1836 1060 1856 1087 ‚

617 1112 826 1199 federe
866 1113 1121 1178 nudatus
1165 1114 1393 1200 federat
1435 1132 1581 1178 ense
1624 1116 1797 1178 latus.

457 1242 489 1294 8
536 1222 740 1319 Greco
784 1234 1014 1298 ductori
1053 1235 1325 1316 prohibet
1366 1233 1589 1316 ‘pudor'
1635 1252 1771 1297 esse
1814 1237 2010 1299 timori

613 1355 725 1419 pro
770 1345 1048 1402 consorte
1091 1339 1268 1435 1111111Ι
1289 1338 1567 1402 ‘vincere’
1615 1340 1738 1402 sive
1781 1341 1948 1401 mori.

458 1466 492 1517 9
536 1446 827 1538 Pergama
866 1475 1123 1538 namque
1166 1474 1345 1519 secus
1388 1457 1511 1537 figit
1550 1458 1802 1520 tentoria
1848 1457 2109 1542 Grecus,

614 1560 894 1639 inpetitur
933 1559 1180 1643 mechus
1222 1566 1286 1621 et
1325 1558 1639 1621 fabricatur
1681 1575 1892 1639 equus.

418 1686 490 1739 10
534 1668 724 1741 Plena
768 1678 926 1763 male
957 1679 1148 1759 prolis
1192 1681 1344 1758 parit
1381 1679 1617 1741 hostem
1659 1679 1928 1741 machina
1969 1678 2140 1741 molis
2159 1725 2176 1751 ,

618 1779 1057 1862 destruiturque
1101 1781 1254 1843 dolis
1295 1788 1415 1844 tam
1454 1782 1744 1863 populosa
1787 1781 1955 1861 polis.

417 1916 483 1968 11
535 1898 800 1970 Tradunt
842 1915 1054 1972 cuncta
1096 1909 1267 1981 neci,
1311 1908 1623 1994 predeque
1661 1907 1942 1988 ,cupidine
1985 1909 2116 1993 ceci

612 2011 919 2073 obfirmant
957 2010 1137 2096 Greci
1175 2018 1421 2093 pectora
1463 2012 1660 2074 clausa
1700 2013 1883 2093 preci.

307 2221 313 2227 ι
417 2146 488 2199 12
535 2127 694 2200 Hinc
738 2137 945 2200 ardent
986 2138 1165 2224 edes,
1207 2139 1344 2201 hine
1388 2139 1702 2202 detruncat
1743 2136 2063 2200 Diomedes

611 2258 723 2320 per
761 2242 952 2303 varias
994 2241 1179 2326 cedes
1221 2241 1455 2304 brachia
1475 2286 1493 2314 ,
1538 2257 1742 2313 crura,
1784 2239 1990 2320 pedes.

416 2375 488 2428 13
533 2357 846 2432 Mulctatur
889 2369 1040 2456 cede
1081 2369 1273 2454 predo
1314 2368 1475 2432 Paris
1518 2386 1551 2430 a
1594 2367 1885 2432 Diomede
1906 2413 1924 2439 ,

614 2488 801 2551 seque
843 2489 953 2556 sup
995 2471 1136 2558 tede
1178 2470 1370 2535 reddit
1411 2470 1643 2534 alumna
1683 2468 1868 2554 Lede.

412 2603 485 2655 14
531 2585 781 2660 Femina
822 2599 993 2679 digua
1038 2601 1189 2663 mori
1230 2606 1524 2663 reametur
1565 2615 1766 2662 amore
1812 2598 1989 2677 priori

608 2698 836 2762 reddita
877 2702 1078 2764 victori
1123 2702 1468 2782 deliciisque
1511 2701 1684 2763 thori.

409 2833 481 2886 15
529 2815 687 2910 Sera
707 2872 724 2899 ,
769 2828 911 2908 quid
950 2829 1182 2902 evadis,
1226 2848 1347 2891 nou
1389 2827 1597 2891 tradita
1639 2833 1834 2889 cetera
1875 2823 2103 2888 tradis?

609 2927 731 2991 Cur
777 2947 880 2992 rea
920 2938 985 2992 tu
1030 2930 1213 2994 cladis
1256 2949 1377 2993 nou
1423 2946 1662 3011 quoque
1707 2926 1876 2989 clade
1919 2926 2127 2990 cadis?

410 3065 481 3117 16
528 3046 599 3118 Si
640 3056 822 3119 fueris
863 3057 1020 3131 lota,
1062 3060 1113 3121 si
1154 3060 1268 3122 vita
1312 3075 1571 3139 sequeus
1613 3057 1770 3119 bona
1809 3061 1963 3127 tota,

610 3176 729 3220 uon
772 3161 889 3221 eris
931 3162 1126 3239 ignota
1148 3207 1165 3233 ,
1209 3179 1330 3222 nou
1374 3162 1491 3222 eris
1536 3159 1759 3237 absque
1803 3163 1962 3220 uota.

410 3295 481 3347 17
526 3275 715 3348 Passa
759 3284 936 3347 modo
978 3284 1250 3348 Paridem
1289 3286 1508 3369 pateris
1551 3284 1669 3346 iam
1707 3281 1944 3344 Thesea
1984 3280 2214 3361 pridem
2235 3326 2253 3352 ,

609 3405 677 3449 es
719 3388 970 3455 tractura
1011 3386 1189 3449 fidem
1205 3432 1223 3459 ,
1268 3405 1346 3449 ue
1388 3386 1602 3449 redeas
1643 3387 1704 3445 in
1748 3382 1925 3445 idem.

401 3521 474 3573 18
521 3498 754 3577 Rumor
795 3512 870 3577 de
910 3517 1097 3579 veteri
1139 3514 1317 3577 faciet
1357 3519 1600 3578 ventura
1644 3510 1835 3573 timeri
1851 3554 1868 3581 ,

607 3634 736 3679 cras
779 3622 1059 3697 poterunt
1099 3616 1227 3679 lieri
1268 3614 1459 3695 turpia
1502 3614 1655 3675 iacta
1697 3610 1842 3672 heri.

410 3754 483 3806 19
528 3733 776 3824 Expleta
818 3742 971 3828 cede
1016 3740 1427 3824 superadditur
1467 3738 1707 3801 Hecuba
1751 3733 1940 3822 prede
1956 3782 1973 3808 ,

607 3852 885 3908 tractatur
924 3844 1064 3931 fede
1082 3890 1100 3917 ,
1142 3845 1370 3923 cogitur
1408 3844 1496 3903 ire
1541 3838 1698 3921 pede
1718 3883 1736 3910 ,

397 3982 474 4035 20
520 3962 592 4035 In
632 3972 782 4034 facie
826 3989 1081 4052 quorum
1123 3972 1348 4032 crinem
1389 3970 1600 4032 laniata
1643 3966 1927 4028 decorum

606 4074 981 4155 subsequitur
1021 4073 1216 4134 lorum
1260 4088 1369 4151 per
1409 4069 1693 4132 theatrale
1735 4068 1945 4129 forum.

401 4212 473 4264 21
525 4190 714 4273 Vivit,
757 4209 818 4263 at
857 4201 1031 4264 iuvita
1048 4245 1065 4273 ,
1111 4200 1247 4280 quia
1288 4199 1428 4281 vivit
1467 4213 1726 4276 paupere
1770 4195 1915 4264 vita,

606 4311 669 4365 et
707 4305 977 4384 planetus
1019 4305 1161 4374 inita
1202 4300 1551 4364 vociferatur
1590 4300 1696 4359 ita:

1440 4531 1467 4562 '-
1508 4549 1610 4608 3533

1566 4587 1600 4614 e*
1621 4607 1664 4640 γ
