3155 4946
1548 306 1674 374 222

744 568 759 583 ι
882 568 887 572 .
924 504 958 546 a
1001 483 1234 546 Nasone
1279 480 1494 563 tradite
1515 525 1531 550 ,

917 586 1139 665 passim
1183 585 1627 663 pervertuntur3

921 703 1058 748 nam
1102 687 1154 746 si
1195 686 1330 763 quis
1371 683 1502 744 istis
1547 681 1761 749 utitur,

923 805 1090 849 more
1134 784 1558 847 modernorum
2043 852 2072 875 ι,

922 889 1172 968 turpiter
1215 886 1474 947 abutitur
1514 883 1628 944 hac
1671 879 2054 943 assuetudine
2096 879 2382 944 momm.”

1597 998 1646 1049 8.
2035 996 2046 1009 ‘

927 1076 1137 1153 “Naso
1183 1089 1334 1150 meis
1377 1085 1601 1149 artibus

927 1192 1179 1254 feliciter
1220 1191 1546 1250 instructus

929 1291 1251 1369 mundique
1295 1287 1695 1368 voluptatibus

935 1399 997 1453 et
1039 1391 1258 1471 regulis
1301 1389 1626 1451 subductus

936 1494 1007 1554 ab
1052 1510 1253 1554 errore
1297 1488 1528 1552 studuit

935 1594 1222 1656 mundum
1263 1607 1544 1653 revocare
1560 1634 1577 1660 ,

935 1696 1037 1774 qni
1079 1694 1190 1756 sibi
1230 1699 1409 1754 notus
1453 1692 1597 1759 erit,
1642 1687 1848 1750 docuit
1890 1670 2192 1768 sapienter
2235 1689 2486 1749 amare.''

1605 1807 1656 1858 9.

941 1884 1237 1960 “Veneris
1281 1896 1559 1975 mysteria

937 2003 1056 2062 iam
1098 2015 1221 2061 non
1263 1994 1634 2058 occultantur

941 2100 1171 2171 ‘cistis',
1217 2103 1281 2160 et
1322 2097 1587 2175 exposita

944 2220 1146 2264 coram
1188 2202 1641 2284 presentantur:

941 2305 1093 2386 proh
1136 2301 1306 2364 dolor
1322 2347 1339 2373 ,
1384 2309 1505 2361 non
1549 2296 1804 2363 dedecet

942 2406 1136 2488 palam
1179 2400 1555 2465 commisceri
1569 2396 1602 2457 ’ἓ

942 2506 1235 2589 Precipue
1280 2503 1572 2582 Cytherea
1614 2499 1783 2560 iubet
1827 2518 1934 2560 sua
1979 2518 2144 2561 sacra
2190 2499 2426 2560 taceri.“

1602 2616 1683 2667 10.

951 2695 1239 2770 “Amoris
1283 2707 1359 2767 ob
1403 2703 1701 2765 infamiam

956 2806 1226 2869 moderni
1267 2806 1589 2885 gloriantur
1604 2846 1619 2871 ,

951 2914 1081 2971 sine
1125 2927 1192 2970 re
1233 2906 1567 2968 iactantiam

952 3013 1102 3072 anxii
1144 3012 1433 3071 venantur
1448 3051 1465 3075 ‚

949 3116 1235 3174 iactantes
1280 3123 1448 3168 sacra
1490 3105 1741 3166 Veneris

952 3212 1297 3291 corporibus
1341 3226 1460 3269 non
1503 3208 1697 3267 tactis.

954 3314 1001 3375 E
1041 3314 1194 3384 heu,
1237 3307 1545 3372 nocturnis
1588 3305 1826 3368 ‘titulos’
1868 3304 2226 3381 imponimus
2272 3300 2473 3360 actis.''

1608 3419 1689 3473 11.

958 3502 1129 3577 “Res
1173 3513 1425 3575 archana
1465 3509 1716 3572 Veneris

957 3616 1270 3680 virtutihus
1312 3610 1614 3680 habenda,

957 3718 1315 3798 optimisque
1358 3714 1584 3774 meritis

961 3826 1024 3880 et
1065 3817 1328 3878 moribus
1374 3812 1654 3882 emenda,

960 3924 1186 3998 prostat
1226 3919 1290 3978 iu
1332 3913 1656 3997 prostibulo
1670 3959 1686 3984 ,

965 4020 1250 4099 redigitur
1289 4020 1352 4078 in
1394 4024 1666 4097 pactum:

951 4127 1121 4182 'tanta
1162 4136 1362 4181 meum
1405 4115 1626 4197 populo
1672 4115 1799 4175 ‘ius’
1844 4121 1937 4175 est
1980 4112 2055 4173 ad
2099 4112 2307 4173 damna
2354 4105 2709 4167 redacturus*
