3155 4946
1057 522 1107 577 2.

1590 346 1738 426 236'

2223 533 2257 582 5

511 601 770 691 Quidam
811 610 1051 686 ludunt,
1117 613 1358 692 quidam
1398 614 1634 688 bibunt,
1685 606 1850 679 Bibit
1890 615 2068 689 bera,
2111 564 2275 679 bibit·
2298 617 2504 685 herus.

510 717 752 797 quidam
793 716 1113 778 indiscrete
1157 720 1373 782 vivunt.

511 818 638 881 Sed
680 821 740 880 in
785 820 923 881 ludo
967 821 1069 898 qui
1115 828 1450 891 morantur,

511 938 584 983 ex
626 921 718 983 bis
764 920 1002 1000 quidam
1043 919 1445 999 denudantur3

511 1021 750 1104 quidam
792 1022 875 1084 ibi
917 1024 1276 1096 vestiuntur,

511 1122 753 1204 quidam
795 1125 985 1186 saccis
1027 1122 1363 1186 induuntur.

511 1223 599 1289 lbi
641 1225 837 1288 nullus
880 1227 1052 1287 timet
1096 1233 1376 1300 mortem,

512 1328 623 1392 sed
663 1346 772 1409 pro
813 1326 1012 1391 Bacbo
1057 1332 1297 1392 mittunt
1340 1336 1606 1394 sortem:

1055 1447 1103 1499 3.

511 1522 717 1596 Primo
759 1551 868 1614 pro
911 1542 1213 1598 nummata
1254 1538 1393 1600 vini.

512 1637 599 1701 Ex
642 1638 752 1699 hac
794 1637 1000 1701 bibunt
1041 1638 1336 1701 libertini:

408 1764 417 1771 ·
513 1741 704 1802 semel
745 1740 952 1802 bibunt
993 1759 1102 1821 pro
1146 1743 1425 1822 captivis,

516 1849 655 1926 post
695 1841 811 1925 hec
848 1842 1056 1905 bibunt
1096 1849 1190 1904 ter
1229 1861 1336 1924 pro
1378 1845 1559 1915 vivis,

516 1951 728 2024 quater
769 1962 878 2024 pro
923 1944 1257 2006 christianis
1298 1947 1562 2018 cunctis,

516 2047 832 2128 quinquies
876 2063 983 2126 pro
1028 2046 1296 2110 fidelibus
1326 2047 1639 2120 defunctIs,

516 2149 712 2210 sexies
754 2165 863 2228 pro
908 2150 1208 2211 sororibus
1251 2151 1449 2222 vanis,

518 2253 745 2332 septies
786 2267 894 2329 pro
939 2249 1225 2311 militibus
1269 2249 1539 2322 silvanis,

520 2442 728 2517 Octies
769 2470 878 2534 pro
919 2367 1194 2518 fratribus
1235 2456 1565 2536 perversis,

519 2558 729 2621 novies
772 2573 879 2635 pro
924 2558 1228 2618 monachis
1272 2556 1595 2637 dispersis,

521 2658 724 2721 decies
768 2675 875 2737 pro
920 2659 1354 2736 navigantibus,

519 2759 804 2823 undecies
848 2778 956 2841 pro
1001 2759 1499 2833 discordantibuS‚

521 2862 844 2925 duodecies
887 2880 994 2942 pro
1038 2864 1472 2947 penitentibus»,

521 2964 818 3028 tredecies
861 2981 968 3044 pro
1013 2967 1128 3027 iter
1171 2966 1495 3045 agentibus·

1685 721 1833 783 bibit
1874 720 2077 792 miles,
2120 721 2269 783 bibit
2310 720 2508 783 clerus
2525 765 2542 789 ,

1687 822 1833 884 bibit
1873 820 2006 893 ille,
2047 820 2195 883 bibit
2233 821 2363 894 illa,

1686 925 1830 987 bibit
1872 940 2081 986 servus
2125 940 2264 986 cum
2306 922 2544 994 ancilla,

1684 1026 1831 1087 bibit
1871 1023 2070 1097 velox,
2111 1024 2260 1086 bibit
2301 1026 2502 1105 piger,

1684 1127 1829 1190 bibit
1871 1125 2038 1189 albus
2053 1170 2069 1197 ,
2110 1126 2259 1197 bibit
2300 1127 2494 1206 niger,

1684 1229 1831 1291 bibit
1874 1234 2151 1291 constans
2167 1274 2185 1300 ,
2225 1226 2373 1289 bibit
2414 1246 2629 1309 vagus,

1684 1320 1831 1392 bibit
1871 1329 2069 1401 rudis,
2110 1328 2260 1390 bibit
2301 1347 2540 1410 magus,

2202 1448 2252 1499 8.

1685 1525 1852 1597 Bibit
1893 1552 2119 1615 pauper
2163 1541 2227 1596 et
2268 1542 2547 1618 egrotus,

1686 1637 1833 1701 bibit
1876 1636 2009 1698 exul
2053 1642 2114 1698 et
2156 1638 2421 1716 ignotus,
2605 1640 2610 1649 ’

1687 1740 1833 1802 bibit
1873 1755 2054 1819 puer,
2095 1739 2243 1800 bibit
2285 1757 2500 1810 canus,

1688 1842 1834 1904 bibit
1874 1842 2080 1925 presul
2125 1848 2183 1904 et
2232 1841 2529 1913 decanus,

1687 1943 1833 2006 bibit
1875 1960 2075 2014 soror,
2116 1943 2263 2006 bibit
2304 1942 2517 2013 frater,

1688 2046 1835 2108 bibit
1876 2062 2022 2108 anus
2039 2089 2056 2115 ‚
2098 2045 2243 2107 bibit
2287 2051 2509 2116 mater,

1688 2147 1833 2209 bibit
1874 2148 1990 2207 ista
2009 2192 2025 2218 ,
2067 2144 2215 2207 bibit
2254 2146 2392 2218 ille,

1688 2250 1895 2312 bibunt
1937 2254 2178 2310 centum
2196 2293 2212 2320 ,
2254 2248 2464 2310 bibunt
2506 2246 2688 2309 mille.

2232 2368 2280 2419 7.

1661 2438 1933 2530 ,Tarum
1976 2458 2216 2515 centum
2259 2469 2365 2514 sex
2406 2458 2712 2536 nummate

1694 2559 1937 2629 durant,
1984 2556 2083 2617 ubi
2125 2554 2511 2617 inmoderate'

1691 2660 1899 2723 bibunt
1941 2644 2149 2720 omnes
2194 2659 2324 2718 sine
2368 2664 2559 2727 meta,

1694 2763 1961 2843 quamvis
2003 2761 2203 2822 bibant
2248 2760 2483 2822 ‘mente’
2527 2761 2667 2843 leta.

1693 2866 1794 2926 Sic
1835 2881 1944 2926 nos
1990 2863 2206 2925 rodunt
2249 2881 2459 2924 omues
2503 2870 2745 2942 gentes.

1694 2975 1757 3027 et
1798 2968 1887 3027 sic
1930 2968 2152 3027 erimus
2198 2972 2460 3046 egentes.

522 3066 672 3130 Tam
717 3086 823 3148 pro
866 3086 1018 3149 papa
1061 3087 1240 3149 quam
1283 3087 1391 3148 pro
1435 3087 1576 3148 rege
1694 3069 1811 3143 Qui
1855 3086 1962 3129 nos
2006 3068 2223 3129 rodunt
2265 3065 2723 3137 confundantur,

521 3169 728 3232 bibunt
769 3189 976 3233 omnes
1019 3174 1149 3234 sine
1192 3172 1346 3251 lege.
1430 3223 1435 3230 .

1698 3178 1760 3232 et
1800 3188 1939 3231 cum
1981 3171 2153 3231 iustis
2195 3187 2315 3231 non
2358 3169 2702 3231 scribantur.

1588 3488 1752 3561 176.

1554 3607 1662 3660 (tol.
1688 3607 1754 3652 88.
1766 3609 1791 3659 )

457 3781 461 3785 ’
525 3767 654 3839 Βνιι
691 3778 908 3840 domus
950 3694 1182 3859 lapidea

526 3880 657 3942 roro
700 3882 813 3942 sita
857 3883 1142 3952 cernitur,

528 3987 592 4042 et
634 3998 669 4042 a
711 3981 906 4043 fratris
953 3999 1175 4044 rosea

524 4084 688 4146 visus
733 4083 873 4145 dum
919 4084 1200 4157 allicitur,

529 4183 750 4256 dulcis,
794 4185 991 4257 ferunt
1031 4188 1206 4258 socii,

528 4289 697 4350 locus
739 4288 837 4349 hic
879 4295 972 4351 est
1014 4289 1274 4369 hospitii.

2095 3702 2103 3711 .
2239 3693 2285 3744 2.

1694 3769 1969 3840 Bacchus
2013 3778 2213 3848 tollat,

1586 3882 1594 3889 ”
1695 3883 1897 3945 Venus
1944 3881 2170 3942 molliat

1698 3984 1789 4046 ‘vi’
1832 3984 2141 4045 bursarum
2183 3990 2457 4064 pectora,

1698 4092 1759 4146 et
1803 4086 2054 4146 inmutet

1697 4193 1760 4247 et
1803 4192 2106 4264 computet

1696 4295 1897 4351 vestes
1939 4290 2002 4349 in
2043 4289 2306 4368 pignora.
