3155 4946
1433 355 1555 424 125

866 528 912 579 3.

317 602 709 693 'Morpheus’
752 616 812 675 in
857 620 1131 676 ‘ruentem

314 716 512 776 trahit
556 714 938 795 inpellentem

313 826 590 879 ventum
633 818 831 879 lenem

318 924 586 996 segetes
631 923 915 990 maturas,

317 1015 647 1080 murmura
691 1020 946 1099 rivorum

318 1137 444 1199 per
495 1137 704 1181 arenas
746 1137 921 1198 puras
939 1164 955 1190 .

324 1222 669 1283 circulares
712 1221 957 1283 ambitus

277 1328 292 1341 ·
329 1321 858 1393 molendinorum,

332 1424 451 1502 qui
496 1422 762 1485 furantur
802 1442 1013 1486 somno

334 1524 553 1586 lumen
598 1522 924 1587 oculorum.

894 1681 944 1732 4.

344 1768 498 1840 Post
540 1778 749 1841 blanda
796 1780 1039 1843 Veneris
1162 1769 1166 1773 ⁴

354 1884 707 1942 commercia
909 1872 912 1877 ’

353 1980 600 2042 lassatur
646 1983 869 2044 cerebri

355 2082 689 2146 substantia.

358 2185 506 2248 Hinc
553 2188 805 2268 caligant
846 2190 991 2249 mira
1033 2190 1286 2251 novitate

354 2289 512 2350 oculi
555 2296 767 2351 nantes
796 2291 855 2350 in
886 2290 1291 2370 palpebrarum
1320 2295 1477 2358 rate,

359 2388 499 2460 Hei,
545 2407 720 2469 quam
764 2390 898 2451 felix
943 2393 1217 2452 transitus
1261 2392 1477 2451 amoris

958 2492 1031 2554 ad
1074 2510 1357 2573 soporem
1375 2539 1391 2565 ,

357 2592 463 2654 sed
493 2597 726 2665 suavior
748 2611 1053 2672 regressus
1082 2593 1157 2656 ad
1186 2595 1479 2657 amorem!

894 2743 945 2798 ὅ.
1001 2767 1012 2776 ²

360 2838 446 2910 Ex
491 2848 620 2910 alvo
664 2846 782 2931 leta
825 2847 1021 2910 fumus

360 2955 633 3028 evaporat
653 2996 669 3021 ,

361 3052 460 3128 qui
504 3052 707 3131 capitis
752 3057 873 3119 ires
918 3053 1160 3114 cellulas

361 3152 584 3212 irrorat.

361 3249 468 3311 Hic
513 3250 760 3314 infumat
802 3254 1010 3316 oculos

364 3351 434 3411 ad
478 3369 757 3433 soporem
801 3354 1128 3433 pendulos.

1522 620 1582 676 et
1626 612 1936 692 palpebras
1980 631 2088 677 sua
2131 615 2460 676 mmosiiaie

1523 713 1740 794 replet,
1773 712 1879 777 ‘ne'
1913 717 2072 780 visus
2116 718 2471 794 exspolietur
2507 715 2640 776 late.

1522 814 1696 878 Unde
1738 816 1915 897 ligant
1958 818 2166 879 oculos

1399 930 1406 939 ’
1527 919 1766 981 virtutes
1809 919 2121 990 animales,

1524 1037 1646 1105 que
1689 1027 1827 1083 sunt
1869 1022 2055 1100 magis
2099 1020 2222 1103 vise

1526 1121 1949 1184 ministeriales.

2066 1239 2116 1291 6.

1525 1315 1759 1387 Fronde
1804 1326 1913 1387 suh
1957 1328 2179 1389 arboris
2223 1344 2429 1410 amena
2445 1370 2463 1398 ‚

1527 1427 1668 1489 dum
1712 1445 1968 1508 querens
2011 1431 2167 1491 canit
2207 1428 2573 1509 philomena,

1525 1546 1707 1593 suave
1751 1536 1844 1592 est
1887 1531 2228 1611 quiescere,

1527 1632 1762 1693 suavius
1806 1630 2014 1693 ludere
2055 1634 2117 1694 in
2161 1633 2421 1711 gramine

1526 1750 1666 1793 cum
1711 1732 1932 1811 virgine
1975 1735 2267 1813 speciosa.

1527 1835 1593 1896 Si
1636 1836 1924 1897 variarum
1967 1834 2119 1898 odor
2175 1833 2483 1896 herbarum
2535 1835 2626 1912 spi

2321 1937 2563 2007 raverit,

1529 2038 1580 2097 si
1623 2036 1852 2099 dederit
1893 2038 2128 2100 thorum
2172 2054 2347 2108 rosa,

1529 2138 1781 2201 dulciter
1821 2143 2054 2221 soporis
2095 2138 2406 2202 alimonia-

1527 2247 1665 2318 post
1707 2239 1957 2303 Veneris
2002 2240 2237 2304 defessa
2294 2241 2650 2303 commercia

1530 2346 1827 2421 capiatur,

1531 2440 1672 2504 dum
1715 2441 1889 2506 lassis
1930 2443 2255 2506 instillatur.

2070 2560 2122 2611 7.

1533 2632 1588 2705 Ο
1631 2645 1691 2704 in
1737 2647 1969 2722 quantis

1531 2747 1764 2807 animus
1808 2747 2053 2807 amantis

1533 2850 1784 2912 variatur
1826 2848 2177 2909 vacillantis!

1532 2949 1609 3011 Ui
1653 2966 1793 3028 vaga
1836 2951 1974 3010 ratis
2017 2966 2126 3028 per
2169 2965 2423 3031 equora,

1533 3051 1675 3112 dum
1719 3056 1880 3112 caret
1920 3050 2203 3123 anchora,

1535 3152 1780 3216 fluctuat
1848 3153 2002 3214 inier
2071 3171 2240 3231 spem
2313 3159 2653 3230 metumque

2365 3253 2573 3323 dubia,

1534 3359 1625 3419 sic
1670 3356 1912 3417 Veneris
1957 3353 2171 3414 militia.

1453 3680 1570 3756 38.

1370 3812 1477 3861 (fol.
1502 3810 1556 3853 2³
1577 3812 1692 3860 1ι.)·

365 3973 504 4044 Οιιι
549 3983 730 4047 sudor
774 3906 1043 4048 lieret-ilis

366 4092 626 4147 monstra
673 4087 783 4149 late
828 4095 1177 4158 conterens,

366 4194 567 4265 pestes
611 4188 767 4250 orbis
810 4188 1080 4249 auferens

365 4285 537 4346 elaris
580 4283 753 4366 longe
797 4288 985 4356 titulis,

1536 3987 1806 4057 emicuit3

1535 4087 1642 4149 sed
1686 4073 1920 4148 tandem
1967 4087 2236 4149 defloruit

1535 4188 1687 4250 fama
1732 4190 1894 4267 prius
1939 4189 2186 4250 celebris

1537 4290 1698 4371 cecis
1745 4288 1940 4350 clausa
1983 4289 2275 4354 tenebris.
