3155 4946
850 524 927 579 14.

323 616 463 697 Mihi
505 635 647 692 sunt
686 629 903 692 frustra
946 627 1258 693 commoda
1337 630 1346 636 '

323 730 592 793 consulta
634 730 968 793 Salomonis
982 774 1001 803 ,

325 830 654 893 concludor
694 850 762 893 re
804 829 1140 910 parvimoda
1158 877 1175 902 ‚

324 935 371 996 si
418 932 609 995 duret⁴
630 934 724 996 ius
768 934 987 1013 agonis.

849 1074 930 1127 15.

320 1167 585 1256 Florenti
630 1177 920 1241 desolatio

189 1272 192 1277 ’
322 1298 444 1342 non
490 1285 654 1343 esset
697 1279 1061 1342 conturbatio
1079 1323 1097 1350 ,

323 1380 431 1444 sed
474 1398 609 1443 mea
648 1380 783 1462 plus
828 1382 1024 1442 tremit
1064 1383 1242 1452 ratio,

321 1499 499 1563 quam
538 1482 770 1566 Dionea
813 1483 890 1544 sit
931 1480 1158 1544 dilatio:

329 1581 466 1662 quid
513 1583 667 1645 facio
684 1581 716 1643 *ἶ

848 1725 927 1777 10.

319 1821 630 1893 Accidens
670 1827 1055 1907 inseparabile

321 1951 456 1995 sum
499 1931 639 2007 tibi,
685 1948 722 1990 o
767 1930 953 1992 decus
996 1929 1213 2000 habile,

322 2034 401 2097 nil
443 2041 645 2096 tecum
691 2040 786 2095 est
824 2030 1189 2104 illaudabile,

326 2148 389 2201 tu
438 2141 659 2220 quippe
703 2156 948 2219 germen
993 2135 1317 2218 probabile,

328 2240 644 2303 tractabile.

852 2374 935 2426 17.

320 2467 418 2539 Me
464 2484 584 2539 rata
627 2486 803 2541 vexat
850 2477 1163 2540 credulitas

323 2588 385 2643 et
422 2580 542 2642 voti
586 2581 769 2641 crevit
811 2578 1094 2645 sedulitas
1110 2622 1127 2650 ‚

326 2679 438 2744 sed
480 2679 695 2764 hesitat
736 2679 926 2743 adbuc
967 2679 1235 2741 nobilitas

327 2783 423 2843 cui
468 2798 600 2842 mea
644 2780 864 2843 dudum
894 2782 1096 2843 militat
1136 2779 1448 2842 humilitas.

850 2916 930 2969 18.

325 3010 524 3085 Gratia
542 3069 560 3095 ‚

324 3122 532 3184 solatia

326 3222 541 3286 donata
584 3225 768 3285 menti
810 3222 1114 3308 languide,

328 3341 461 3386 mea
504 3322 615 3387 dos
632 3368 651 3397 ,

201 3448 206 3453 ·
327 3443 597 3487 amorum
641 3424 785 3500 flos,

323 3527 675 3619 morigerata
715 3525 920 3591 vivide.

812 3680 816 3684 ’
847 3674 926 3731 19.

326 3769 655 3841 Amanium
698 3777 805 3849 list,

325 3889 388 3943 te
434 3877 718 3961 quicquid
758 3882 846 3942 vis

329 3981 404 4044 da
444 3980 603 4044 laudi
642 3983 797 4045 bene
842 3983 1102 4065 placide,

281 4117 288 4122 ·
331 4085 410 4146 nil
454 4084 557 4146 tibi
598 4101 735 4166 par,

328 4185 517 4247 electe
559 4185 646 4248 lar

327 4271 508 4371 letitie
551 4286 792 4370 fervide.

1418 357 1540 422 123

2021 528 2103 582 20.

1501 619 1591 692 Te
1635 627 1759 693 visa
1799 632 2069 711 primitus

1502 733 1691 794 exarsi
1734 734 1971 812 penitus
1990 778 2008 805 ‚

1500 831 1751 913 proinde
1794 835 2048 912 gemitus

1503 932 1672 997 durat
1709 936 2085 1014 perenniter,

1500 1034 1611 1099 sed
1652 1044 1716 1101 tu
1761 1037 1933 1101 deme
1975 1040 2189 1102 leniter
2252 1128 2257 1133 ι

1499 1136 1723 1200 illatum
1770 1138 2013 1202 duriter.

1498 1358 1637 1453 Hoc
1681 1374 1775 1431 est
1815 1369 1939 1432 dira
1982 1284 2114 1433 αξξ
2134 1416 2152 1444 ,

1500 1486 1614 1531 nec
1660 1468 1860 1541 durior
1901 1477 1996 1533 est
2036 1489 2198 1534 mors
2215 1519 2232 1544 ,

1498 1588 1635 1633 nam
1679 1588 1816 1654 mee
1861 1573 1978 1656 vite
2021 1590 2155 1636 sors

1501 1679 1617 1734 stat
1657 1674 1773 1735 ritu
1817 1692 2105 1755 prospero
2121 1720 2138 1748 ‚

1503 1790 1680 1854 quam
1723 1775 1912 1838 solam
1955 1774 2066 1837 soli
2111 1775 2353 1839 confero

1411 1900 1419 1906 ·
1499 1883 1786 1956 repugnat
1826 1882 2057 1955 tenero.

1499 2092 1659 2165 Huic
1701 2120 1800 2165 me
1842 2017 2349 2184 cordcndagrante

1500 2221 1693 2267 nosco
1735 2205 2067 2266 intricatum
2084 2249 2102 2275 ,
2376 2273 2383 2279 ⁴

1502 2307 1673 2368 cuius
1714 2313 1860 2368 nutu
1905 2323 2001 2366 me
2045 2309 2315 2368 versante

1502 2413 1561 2468 et
1606 2406 1680 2469 ad
1722 2411 1921 2470 votum
1966 2407 2344 2487 conspirante

1503 2526 1600 2571 me
1642 2509 1770 2571 iero
1812 2509 2063 2570 beatum.

2023 2642 2106 2696 23.

1501 2720 1820 2811 Aptior-em
1836 2774 1855 2803 ,

1502 2830 1830 2893 dulciorem

1501 2931 1725 2994 nollem
1765 2935 2032 3013 reperire
2049 2980 2068 3006 ,

1504 3050 1682 3114 quam
1726 3033 1877 3115 elegi

1503 3152 1641 3218 mee
1682 3134 1801 3214 legi

1502 3237 1554 3296 si
1599 3233 1698 3297 dat
1738 3234 2068 3320 subvenire.

1512 3373 1515 3375 ’
2031 3367 2115 3421 24.

1506 3445 1653 3518 Plus
1694 3470 1950 3516 amarem
1968 3498 1986 3525 ‚

1505 3555 1642 3637 plus
1686 3560 1955 3635 optarem

1505 3659 1597 3720 sui
1634 3657 1800 3720 ‘verbi
1841 3655 1997 3717 dona
2011 3701 2029 3727 ,

1436 3765 1445 3777 ·’
1505 3776 1683 3839 quam
1724 3759 1775 3820 si
1818 3756 2022 3819 mundi
2096 3800 2105 3810 .

1504 3863 1559 3925 vi
1596 3858 1847 3937 jocundi

1504 3961 1783 4041 ningeret
1826 3976 2061 4022 corona.
2187 4006 2193 4011 .

1508 4176 1640 4247 Sed
1681 4186 1938 4265 primum
1980 4094 2319 4244 effi-tandm

1505 4291 1598 4348 est
1643 4285 1800 4349 visus
1845 4282 2220 4381 clarificatus,
