3155 4946
306 824 539 897 Vanus
581 837 813 925 vincula
848 752 890 804 ¹·

306 939 538 999 vinctus
582 940 849 1001 sustineo
862 984 879 1010 ,
944 950 963 963 ⁰

307 1045 554 1118 pereant
592 1038 784 1101 iacula
798 1086 816 1112 ‚

309 1141 521 1218 quibus
566 1143 910 1223 sicpereol

304 1241 478 1304 Fixus
520 1260 654 1303 sum
695 1259 878 1305 aureo
894 1287 913 1314 ,

305 1343 501 1423 flgitur
541 1343 816 1423 plumbeo

306 1443 529 1507 florens
570 1430 911 1525 virmcula
930 1487 948 1513 ,

305 1548 464 1611 unde
511 1545 827 1609 scintillula

307 1649 443 1710 salit
483 1647 559 1709 de
602 1646 843 1726 stipula,

311 1764 428 1827 qua
468 1750 629 1809 totus
672 1744 870 1807 ardeo.

847 1862 895 1914 2.

308 1941 511 2023 Flora,
554 1949 984 2021 iam-noveris,

307 2040 471 2133 quod
509 2054 623 2113 sim
665 2049 984 2121 sollicitus;

307 2159 393 2218 tui
436 2171 577 2236 spes
622 2152 884 2214 muneris

307 2259 449 2320 mihi
489 2256 556 2317 nt
597 2254 786 2316 exitus
800 2298 817 2324 ,

308 2376 445 2421 nam
486 2357 591 2419 tibi
633 2351 871 2414 deditus

308 2460 450 2522 mihi
492 2478 625 2521 sum
668 2458 932 2539 perditus
950 2479 968 2530 ;

308 2562 500 2624 mollis
542 2563 605 2622 in
651 2563 876 2641 asperis
892 2606 908 2632 ,

308 2682 489 2749 cecus
530 2662 663 2743 plus
710 2665 927 2725 ceteris

310 2766 383 2827 ad
424 2766 591 2826 iubar
632 2763 844 2826 sideris

309 2870 393 2929 tui
436 2884 570 2927 sum
613 2867 872 2927 territus.

1392 359 1519 429 223

1386 551 1545 627 157.

1322 675 1340 722 (
1349 672 1423 717 fol.
1451 674 1504 718 ⁷0
1529 673 1599 724 b.)

2027 753 2057 803 3

1487 827 1694 900 Venus
1737 835 2108 916 amplectitur

1484 941 1686 1018 nigros
1730 944 1794 1000 et
1833 942 2068 1011 niveos,

1486 1057 1635 1125 sepe
1679 1039 2004 1103 traducitur

1486 1159 1597 1221 per
1639 1142 1792 1204 ‘non'
1833 1142 2083 1205 idoneos
2100 1189 2116 1214 ‚

1486 1261 1688 1306 mores
1730 1262 1889 1305 nunc
1934 1262 2177 1316 aureos,

1488 1362 1646 1407 nunc
1685 1346 1861 1407 habet
1903 1346 2150 1407 ferreos.

1487 1463 1689 1508 amans
1734 1446 1875 1508 dum
1915 1446 2136 1511 fallitur
2150 1494 2166 1514 .

1487 1564 1655 1609 amor
1696 1549 2057 1610 subvertitur
2071 1594 2087 1619 ,

1486 1651 1699 1710 merito
1744 1647 1959 1710 dicitur

1485 1751 2051 1830 metamorphoseos.

1484 1941 1683 2013 Amor
1726 1868 2076 2014 mutabili:-

1486 2053 1780 2116 marcidus
1824 2061 2018 2127 areat3

1484 2168 1662 2218 verax
1704 2161 1768 2216 et
1806 2155 2013 2218 babilis

1486 2253 1709 2317 floreus
1751 2261 2006 2316 maneat.

1482 2354 1670 2417 Amor
1708 2358 1796 2416 sic
1840 2357 2113 2436 ‘polleat’,

1483 2465 1621 2520 voto
1667 2457 1806 2520 dum
1850 2458 2111 2531 studeat,

1482 2563 1617 2641 plus
1661 2568 1757 2624 est
1798 2561 2092 2634 amabilis3

1481 2681 1624 2743 ergo
1668 2665 1747 2724 sit
1784 2664 1990 2724 similis

1481 2765 1659 2825 animi
1700 2763 1916 2843 vigilis:

1480 2864 1597 2925 hoc
1639 2865 1873 2943 signum
1912 2871 2131 2926 teneat.

1378 3168 1539 3243 158.

1319 3286 1419 3335 (τοι.
1445 3287 1498 3332 vs
1520 3289 1595 3337 b.)

844 3371 892 3421 1.
2012 3370 2063 3422 ³.

307 3452 454 3523 Dum
496 3464 553 3524 vi
598 3461 813 3522 amoris
856 3465 1052 3531 teror,
1476 3444 1674 3539 Meret
1717 3473 1855 3530 cor,
1900 3457 2059 3535 quod
2101 3457 2426 3536 gaudebam

309 3569 370 3624 et
410 3579 668 3625 venereo
712 3577 816 3622 axe
859 3561 1071 3632 vehor,
1477 3557 1573 3618 die
1590 3603 1606 3628 ‚
1653 3573 1771 3635 quo
1813 3564 1873 3618 te
1919 3561 2339 3638 cognoscebat,

307 3663 482 3743 ‘igne’
524 3662 778 3725 ferventi
821 3660 1159 3723 suffocatus.
1477 3656 1836 3737 singularem
1878 3665 1942 3721 et
1981 3660 2256 3739 pudicam

307 3764 525 3835 Deme,
568 3766 692 3842 pia,
736 3763 1047 3823 cruciatus.
1478 3765 1539 3820 te
1585 3758 1897 3840 adoptabat
1940 3764 2001 3822 in
2045 3763 2329 3835 amicam,

843 3879 891 3930 9.
2015 3879 2065 3932 4.

303 3959 462 4049 Ignis
505 3968 620 4030 vivi
662 3972 727 4028 tu
770 3965 1051 4037 scintilla,
1477 3951 1746 4025 ‘Profert'
1791 3967 2049 4043 pectoris
2092 3966 2381 4044 singultus

307 4070 646 4132 discurrens
691 4066 887 4128 cordis
930 4066 1003 4127 ad
1046 4065 1287 4136 vexilla;
1475 4072 1537 4128 et
1580 4066 1843 4150 mestitie
1886 4065 2202 4135 tumultus,

305 4173 425 4250 igni
466 4170 813 4232 incumbens
854 4187 975 4230 non
1016 4168 1268 4248 pauxillo
1475 4186 1613 4230 nam
1656 4170 1872 4228 amoris
1914 4170 2000 4227 tui
2043 4168 2208 4246 vigor

306 4272 570 4333 conclusi
613 4272 831 4333 mentis
876 4276 936 4331 te
982 4269 1191 4349 sigillo.
1476 4263 1647 4347 urget
1689 4286 1785 4330 me
1803 4314 1819 4339 ‚
1866 4273 1927 4328 et
1969 4269 2054 4328 illi
2098 4268 2262 4345 ligor.
