3155 4946
203 3474 222 3494 ⁸
327 3442 457 3514 Res
501 3473 634 3516 mea
677 3457 920 3517 tandem
963 3459 1178 3535 patuit,

1420 353 1537 459 171

863 523 918 576 4.
1183 559 1188 564 ·
1708 550 1745 585 a·

324 601 465 673 Non
506 612 645 683 erit,
688 615 757 672 ut
799 609 1077 684 arbitror,
1498 610 1670 672 dixit:
1717 615 1930 672 tractas
1975 616 2239 674 teneram

326 731 479 793 opus
522 712 619 773 hic
663 718 823 774 tanta
865 715 954 784 vi,
1496 717 1657 772 tactu
1700 715 1873 774 nimis
1919 715 2104 791 gravi,

324 832 463 876 nam
506 831 642 876 oum
687 832 894 875 seeum
933 811 1205 876 luderem
1438 846 1440 848 ·
1496 812 1671 885 tolle,
1714 814 1809 876 vel
1852 817 2088 879 suavius

324 934 517 996 nuper
555 918 617 977 in
661 917 952 987 conclavi,
1497 921 1668 975 utere
1713 918 1896 977 suavi.

1015 1019 1275 1108 [Desunt
1311 1034 1424 1095 hoo
1463 1036 1596 1096 loco
1638 1035 1924 1113 reliqum]

1360 1393 1484 1472 84.
1537 1418 1619 1471 a„

528 1531 668 1603 Nou
710 1548 805 1604 est
845 1544 1069 1604 crimen
1112 1559 1309 1613 amor,
1355 1542 1521 1619 quia,
1566 1541 1618 1600 si
1661 1538 1858 1610 scelus
1902 1542 2064 1599 esset
2107 1553 2302 1598 amare
2318 1580 2335 1607 ‚

530 1642 713 1705 nollet
755 1660 956 1705 amore
997 1642 1162 1706 Deus
1207 1645 1387 1706 etiam
1430 1641 1625 1707 divina
1666 1640 1868 1724 ligare.
2337 1649 2343 1654 ·

1419 2067 1540 2145 88.

1280 2243 1284 2246 .
1336 2213 1445 2265 (τοι.
1470 2213 1527 2259 52
1545 2213 1629 2266 b.)

872 2301 916 2353 1.
2041 2298 2090 2350 3.
2136 2281 2141 2285 ’

326 2391 541 2460 vas
582 2402 762 2463 instat
807 2401 1108 2476 floridum,
1403 2472 1406 2476 ,
1510 2393 1668 2464 Cum
1705 2400 1854 2463 *foris
1899 2399 2201 2484 egredior,

326 2510 533 2565 cantus
580 2505 796 2566 erescit
838 2507 1062 2580 avium,
1449 2491 1458 2526 ξ
1494 2524 1543 2589 ,ιι
1587 2507 1814 2567 eunctis
1857 2506 2170 2584 inspicior,

326 2601 503 2664 tellus
548 2602 648 2666 dat
691 2605 985 2669 solatium.
1509 2599 1678 2689 quasi
1717 2615 2048 2670 monstrum
2089 2607 2319 2669 fuerim.

325 2695 486 2767 Ress.
510 2695 674 2784 Eya‚
718 2709 912 2788 qualia
1509 2703 1668 2773 Cum
1706 2710 1907 2772 vident
1950 2710 2107 2771 hunc
2148 2690 2417 2777 uterum,

512 2811 729 2869 amoris
775 2810 1013 2888 gaudia!
1508 2814 1658 2874 alter
1698 2811 1893 2890 pulsat
1937 2810 2217 2881 alterum,

1508 2914 1685 2975 silent
1727 2913 1868 2976 dum
1911 2910 2297 2974 ‘transierim'.

867 3010 912 3061 2.
1510 3006 1769 3093 Semper
1811 3015 2048 3093 pulsant
2089 3013 2286 3073 cubito
2305 3055 2321 3082 ,

1478 3134 1607 3177 ·me
1652 3115 1962 3192 designant
2004 3115 2216 3192 digito,

1508 3221 1631 3280 acsi
1676 3220 1888 3278 mirum
1930 3216 2159 3276 fuerim.

1507 3310 1763 3381 Nutibus
1807 3334 1904 3377 me
1947 3314 2205 3375 indicant
2223 3360 2238 3385 ,

1509 3423 1746 3500 dignam
1766 3487 1770 3491 ,
1790 3435 1934 3495 rogo
1978 3415 2266 3485 iudicant,

1506 3521 1670 3601 quod
1713 3517 1900 3579 semel
1943 3516 2327 3595 peccaverim.

325 3139 465 3211 Huo
507 3168 728 3230 usque,
772 3170 868 3214 me
912 3154 1221 3215 miseram!

327 3269 456 3312 rem
496 3252 650 3313 bene
696 3253 1056 3324 celaveram,

329 3360 391 3412 et
434 3354 621 3413 amavi
665 3354 893 3416 callide.

326 3572 465 3615 nam
504 3561 713 3617 venter
752 3559 1061 3630 intumuit,

327 3662 533 3735 partus
574 3659 756 3718 instat
798 3659 1057 3741 gravide.
2045 3649 2096 3699 4.

327 3747 486 3819 Hine
530 3764 722 3825 mater
761 3777 859 3819 me
902 3752 1225 3835 verberam
1508 3746 1671 3832 Quid
1712 3770 2054 3839 pereurram
2097 3746 2371 3828 singula?

326 3861 465 3921 hino
506 3865 676 3937 pater
715 3861 1109 3939 improperat,
1508 3875 1623 3937 ego
1668 3873 1802 3917 sum
1842 3856 1904 3914 in
1945 3852 2168 3922 fabula,

329 3961 501 4031 ambo
544 3966 796 4022 tractant
843 3979 1074 4040 aspere.
1510 3966 1572 4020 et
1613 3961 1675 4019 in
1719 3974 1824 4017 ore
1868 3957 2148 4016 omnium.

331 4053 478 4124 Sola
518 4060 681 4123 domi
723 4062 942 4134 sedeo,
1508 4051 1600 4122 Ex
1643 4077 1715 4119 eo
1761 4060 1881 4119 vim
1924 4057 2141 4135 patior,

332 4161 536 4241 egredi
576 4181 697 4223 non
742 4163 933 4225 audeo
951 4209 968 4236 ‚
1508 4164 1629 4223 iam
1671 4158 1874 4221 dolore
1917 4159 2167 4229 morior,

330 4282 443 4326 nee
483 4266 547 4326 iu
590 4261 783 4344 palam
823 4264 1048 4327 ludere.
1513 4280 1753 4344 semper
1793 4279 1927 4323 sum
1967 4262 2032 4321 in
2072 4259 2347 4321 lacrimis.
