3155 4946
461 467 527 530 in
568 471 805 547 partum
847 464 987 528 inde
1031 463 1278 526 solvitur
1294 507 1311 534 ,

463 568 610 633 dum
652 566 866 631 florere
911 569 1221 630 cernitur.·

467 671 540 734 Ο.
586 690 642 732 o.
688 689 745 732 o.
793 689 844 731 a.
890 672 929 731 i.
976 687 1028 731 a.
1076 687 1131 730 e.

466 758 634 836 amor
675 771 1019 834 insolabile!

468 875 676 937 Clerus
719 876 833 936 scit
874 873 1118 952 diligere

463 978 756 1057 virginem
796 974 934 1065 plus
976 972 1183 1034 milite.

1010 1106 1057 1159 2.

465 1203 579 1276 Sol
621 1213 896 1277 tellurem
938 1217 1198 1282 recreat,

464 1332 543 1377 ne
586 1314 743 1399 fetus
788 1315 916 1375 eius
961 1315 1199 1392 pereat3

465 1418 537 1480 al>
582 1417 736 1479 aeris
779 1413 1170 1494 temperantia

467 1537 669 1583 rerum
709 1517 775 1581 tlt
816 1517 1063 1579 materia
1079 1560 1098 1588 ,

465 1620 634 1683 unde
668 1618 1013 1700 multiplicia

469 1727 824 1801 generantur
864 1721 1109 1784 semina.

1007 1851 1057 1906 3.

467 1947 641 2020 Mons
683 1959 934 2020 vestitur
977 1955 1217 2018 floribus
1230 2001 1245 2027 ,

334 2074 341 2081 ·
469 2067 531 2122 et
573 2068 742 2123 sonat
785 2078 819 2122 a
859 2048 1194 2123 ‘volucribus
1209 2104 1228 2131 ‚

468 2164 531 2224 in
575 2161 736 2223 silvis
781 2179 920 2224 aves
965 2161 1283 2223 concinunt

468 2262 838 2342 dulciterque
883 2264 1174 2342 garriunt,

468 2382 582 2427 nec
625 2365 897 2444 filomena
940 2365 1210 2435 desinit‚‘

469 2468 756 2531 iacturam
800 2487 969 2546 suam
1011 2466 1299 2530 meminit.

1011 2602 1059 2655 4.

471 2695 657 2790 Ridet
698 2685 857 2789 terre
899 2705 1100 2766 facies,
1135 2721 1141 2727 ·

472 2807 643 2871 Nunc
688 2807 884 2870 audite
927 2808 1218 2883 virginea,

474 2912 709 2982 colores,
746 2929 855 2989 per
895 2908 1284 2988 multiplices:

608 3468 612 3471 ,
1019 3433 1066 3482 1.

397 3600 399 3603 y
466 3506 640 3576 Savir
684 3533 826 3598 aure
871 3519 1150 3596 spiritus,¹

476 3626 536 3680 et
581 3618 853 3696 arborum
898 3636 1071 3703 come
1115 3608 1305 3688 fluunt
1341 3615 1596 3696 penitus,

473 3721 536 3780 in
579 3719 795 3804 frigore
814 3718 975 3780 silet
997 3726 1230 3812 ,cantus
1253 3736 1591 3791 nemorum3

401 3827 404 3828 ’
474 3819 618 3881 dum
657 3819 944 3900 torpescit
985 3839 1090 3883 ver
1133 3835 1168 3883 a
1210 3822 1369 3893 sole,

474 3927 640 4001 tepet
682 3940 848 3983 amor
886 3928 1199 4002 ‘pecorum
1212 3923 1244 3983 ².

440 4056 443 4059 ·
476 4021 798 4103 Nunquam
833 4041 1036 4085 amans
1080 4026 1253 4104 sequi
1283 4025 1431 4104 ‘volo

460 4126 636 4188 -vices
677 4133 1014 4205 temporum

471 4226 704 4292 bestiali
744 4246 929 4324 more.

1551 286 1686 359 ‚148

1646 479 1764 523 non
1809 466 2006 525 amant
2050 467 2211 524 recte
2255 462 2470 525 milites
2484 509 2499 534 ‚

1646 561 1817 623 miles
1861 570 2024 625 caret
2063 565 2282 628 viribus

1646 670 1855 749 nature
1901 673 1962 726 et
2001 667 2329 730 virtutibus,

2188 803 2236 854 5.

1644 890 1910 979 Thymus
1954 909 2017 963 et
2056 902 2378 983 lapathium

1515 1001 1520 1006 ’
1643 1003 1902 1065 inierunt
1941 1004 2259 1067 consilium

1644 1104 1791 1165 hoc:
1837 1112 2080 1192 propter
2122 1106 2372 1169 formam
2416 1106 2634 1169 milites

1644 1205 1815 1268 nohis
1858 1213 1997 1268 sunt
2039 1208 2349 1282 amabiles,

1639 1308 1715 1370 de
1758 1309 1970 1386 quibus
2017 1309 2217 1390 [stulta
2258 1310 2472 1391 ratiol]
2510 1274 2525 1346 s

1641 1428 1931 1490 suspensa
1972 1419 2066 1475 est
2108 1413 2337 1477 solatio.

2159 1548 2224 1602 ,6.

1644 1637 1771 1710 Sed
1811 1649 1875 1710 in
1916 1649 2209 1723 cordibus·
2238 1651 2456 1734 milites

1643 1749 1968 1831 depingunt
2010 1762 2242 1817 nostras
2285 1756 2469 1818 facies

1643 1870 1779 1913 cum
1822 1855 2016 1917 serico
2061 1858 2121 1918 in
2167 1857 2389 1936 palliis,

1643 1955 1842 2016 colore
1888 1963 1950 2018 et
1993 1959 2054 2020 in
2098 1959 2341 2039 clipeis3

1643 2056 1787 2134 quid
1828 2066 2076 2137 prosunt
2117 2063 2285 2124 nobis
2328 2061 2497 2133 talia,

1645 2175 1782 2220 cum
1823 2159 2015 2237 forma
2056 2165 2211 2243 perit
2253 2161 2532 2242 propria?

2187 2297 2236 2347 7.

1647 2382 1868 2455 Clerici
1910 2398 1971 2457 in
2015 2397 2236 2477 frigore

1644 2496 1957 2559 observant
1997 2516 2106 2559 nos
2150 2501 2212 2560 in
2257 2500 2553 2574 ‘lemine',

1644 2616 1973 2678 pannorum
2020 2602 2082 2660 in
2123 2599 2443 2674 velamine,

1643 2702 1858 2765 deinde
1904 2710 1966 2765 et
2008 2707 2070 2766 in
2110 2705 2352 2786 pyxide:
2449 2740 2454 2745 ·

1645 2824 1780 2867 mox
1823 2805 1898 2868 de
1943 2810 2112 2869 omni.
2148 2808 2366 2870 clerico

1560 2995 1564 2999 ‚
1645 2910 1863 2970 amoris
1906 2910 1970 2972 fit
2013 2910 2333 2972 conclusio.

1564 3217 1682 3292 56.

1482 3348 1588 3400 (rol.
1613 3348 1666 3392 35
1690 3347 1764 3400 b.)

1646 3500 1806 3577 Bell.
1835 3503 1931 3576 En
1977 3511 2185 3593 gaudia
2228 3511 2457 3582 felicia,

1635 3600 1639 3603 ’
1816 3633 1994 3695 quam
2036 3613 2230 3676 dulcia
2273 3608 2566 3690 stipendia

1816 3723 1953 3780 sunt
1995 3716 2111 3800 hec
2154 3716 2301 3799 hore

1815 3827 2019 3904 nostre
2063 3818 2267 3902 Flore!

1622 3970 1627 3974 .
2192 3935 2240 3988 2.

1592 4039 1596 4042 ·
1647 4014 1785 4086 Non
1829 4023 1904 4085 de
1947 4022 2124 4102 longo
2167 4039 2503 4102 conqueror
2542 4020 2715 4082 obse-

1642 4109 1994 4189 remuneror
2035 4124 2329 4206 stipendio
2345 4172 2361 4199 ,
2534 4112 2737 4203 [quiea

1645 4228 1804 4312 letor
1843 4227 1966 4312 leto
2009 4228 2257 4312 premio.
