3155 4946
531 562 740 608 verum
780 543 959 605 vincit
996 540 1252 610 falsitas,

532 648 742 709 veritas
785 643 1083 713 mentitur.

532 747 677 810 Refl.
722 747 951 810 Omnes
982 726 1118 806 ¹iura
1159 741 1405 829 ledunff,

725 854 789 910 et
829 854 888 909 at
929 863 1029 909 res
1074 846 1304 908 illicitas

726 949 959 1010 ‘illicite'
1003 945 1354 1031 procedunt.

1073 1065 1125 1121 2.

533 1143 774 1233 Regnat
817 1152 1081 1223 avaritia,

536 1259 784 1334 regnant
827 1260 887 1315 et
928 1253 1114 1324 avari,

537 1363 739 1419 mente
784 1355 972 1435 quivis
1018 1355 1182 1416 anxia

538 1459 737 1520 nititur
779 1455 946 1519 ditari
966 1501 984 1529 ,

543 1575 681 1620 cum
704 1560 801 1623 ,sit
842 1574 1074 1620 summa
1118 1555 1298 1637 gloria

546 1677 730 1723 censu
773 1658 1022 1740 gloriari.

1095 2219 1140 2270 1.

551 2298 772 2373 Ama
815 2313 1063 2387 stupens
1108 2304 1339 2367 casibus

555 2429 670 2476 vox
715 2410 1084 2471 exultationis

555 2529 773 2592 organa
815 2513 877 2572 in
920 2509 1193 2571 salicibus

557 2611 860 2694 suspendit
907 2611 1251 2691 Babylonis3

559 2716 784 2795 captiva
827 2722 921 2775 est
964 2711 1360 2780 confusionis3

555 2814 815 2879 involuta
856 2812 1189 2883 doloribus,

561 2918 706 2979 Sion
753 2917 977 2977 cantica
1019 2913 1137 2997 leta
1182 2912 1346 2975 sonis

563 3018 916 3102 permutavit
957 3013 1264 3089 flebilibus,

1103 3132 1153 3183 2.

564 3212 1059 3301 Propterscelus
1102 3214 1350 3300 perfidie

568 3342 687 3405 quo
730 3319 988 3383 mundus
1031 3323 1397 3400 inquinatur,

567 3424 900 3486 fluctuantis
944 3423 1202 3507 ecclesie

569 3528 659 3589 sic
701 3532 886 3588 status
927 3524 1330 3604 naufragatur:

1642 363 1733 433 38

2255 591 2305 646 3.

1715 710 1963 787 Multum
2007 722 2180 786 babet
2219 724 2417 785 oneris

1716 826 1806 889 do
1849 826 1989 889 das
2035 822 2218 887 dedi
2251 824 2472 886 dare:
2553 822 2556 825 ’

1713 928 1960 994 verbum
2001 926 2116 989 hoc
2160 940 2269 1011 pre
2309 926 2528 988 ceteris

1712 1036 1932 1095 norunt
1971 1030 2240 1111 ignorare

1717 1133 1954 1208 divites,
2001 1151 2152 1214 quos
2197 1132 2419 1213 poteris

1718 1236 1902 1301 ‘mari’
1947 1252 2311 1315 comparare.

1641 1438 1644 1439 γ
1719 1339 1867 1405 Refl.
1899 1339 2125 1402 Omnes
2166 1337 2291 1400 Iura
2331 1335 2570 1421 ledunt,

1888 1448 1953 1503 ct
1993 1443 2057 1502 in
2098 1454 2295 1504 rerum
2339 1438 2601 1500 numeris

1892 1560 2176 1608 numeros
2219 1537 2528 1603 excedunt.

1566 1962 1840 2037 LXVIII.

1587 2112 1612 2163 (
1626 2107 1702 2153 tet.
1726 2105 1823 2157 ta.)
2611 2119 2662 2149 .

1730 2295 1912 2376 gratia
1954 2295 2180 2373 prostat
2221 2294 2283 2350 et
2325 2291 2617 2349 scon-tatur

1730 2396 1861 2457 foro
1905 2392 2125 2457 venalis
2168 2390 2386 2473 gratie,

1730 2500 1871 2563 iuris
1915 2498 2152 2558 libertas
2196 2490 2495 2553 ancillatur

1733 2597 2144 2663 obsecundans
2186 2594 2457 2675 pecunie.

2272 2711 2321 2763 3.

1736 2795 2085 2885 Hypocrisis
2104 2844 2121 2871 ,
2165 2798 2324 2859 fraus
2369 2795 2617 2877 pullulat

1739 2913 1801 2968 et
1843 2903 2053 2965 menda
2098 2899 2396 2969 falsitatis,

1741 3024 1860 3091 que
1902 3004 2132 3068 titulum
2174 3000 2440 3063 detitulat

1739 3126 1879 3192 vere
1923 3103 2348 3185 simplicitatis3

1739 3210 2002 3290 frigescit
2033 3207 2189 3286 ‘ignis
2235 3204 2485 3265 caritatis
2509 3247 2526 3273 ,

1738 3310 1888 3374 fides
1931 3326 1964 3370 a
2008 3307 2239 3369 cunctis⁴
2280 3305 2500 3375 exulat,

1744 3412 1988 3475 aculeus
2031 3406 2358 3488 cupiditatis

1749 3533 1899 3596 quos
1943 3510 2173 3573 mordet
2216 3516 2392 3589 atque
2437 3506 2708 3570 stimulat.

1541 3885 1795 3972 LXVIII
1839 3907 1901 3969 a.

1592 4044 1694 4097 (rot.
1719 4044 1770 4090 4³
1785 4042 1857 4094 b.)
2226 4046 2443 4101 Versus.

716 4213 740 4264 1
790 4194 960 4265 Flete
1070 4203 1415 4283 perhorrete
1544 4201 1743 4280 lugete
1873 4205 2080 4279 pavete
2214 4194 2410 4256 dolete

788 4303 1019 4381 flenda,
1062 4301 1492 4383 perhorrenda,
1535 4301 1819 4382 lugenda,
1864 4299 2159 4384 pavenda,
2203 4295 2471 4360 dolenda.
