3155 4946
1441 398 1562 466 109

539 607 631 663 21.
672 591 798 664 Swa
839 620 974 666 man
1021 604 1141 666 den
1183 609 1311 669 eset
1357 606 1637 685 chronet,

739 704 809 766 da
851 707 930 767 ist
973 706 1080 769 daz
1126 707 1264 769 land
1309 707 1585 791 gehonet.

525 839 618 892 22.
660 822 899 906 Minue,
945 834 1181 908 schetz,
1229 854 1372 916 groz
1413 843 1601 920 gewin

731 933 1082 997 vereberent
1124 932 1294 1017 gfites
1338 958 1589 1006 mounes
1633 949 1742 1009 sin.

518 1069 615 1122 28.
657 1051 793 1125 Man
840 1067 1068 1129 minuet
1109 1087 1189 1131 nu
1234 1071 1435 1134 schatz
1476 1092 1642 1137 mere

725 1164 918 1230 danne
962 1177 1102 1249 got.
1147 1171 1265 1242 lib,
1310 1173 1399 1234 sel
1443 1173 1563 1236 und
1609 1193 1730 1238 ere.

509 1300 603 1352 24.
651 1283 740 1353 So
784 1302 954 1358 staete
997 1296 1259 1359 triundin
1304 1301 1543 1363 nieman
1588 1301 1716 1373 hat,

723 1414 790 1458 er
833 1392 1027 1462 ffirhte
1072 1399 1229 1461 doch
1268 1402 1323 1461 ir
1364 1403 1650 1467 missetat.
1760 1464 1769 1472 ,

507 1530 601 1584 25.
646 1512 948 1586 Vremede
993 1524 1262 1588 schaidet
1301 1526 1598 1589 herzelieb
1619 1575 1636 1602 ,

722 1633 836 1688 stat
882 1628 1118 1690 machet
1161 1629 1435 1707 manigen
1480 1628 1632 1691 dieb.

505 1760 597 1813 26.
642 1743 810 1817 Swer
851 1754 967 1816 lieb
1009 1754 1143 1827 hat,
1186 1755 1294 1817 der
1337 1757 1464 1819 wirt
1506 1759 1697 1820 selten
1745 1764 1827 1823 vri

719 1875 826 1919 vor
868 1874 1120 1936 sorgen,
1166 1856 1274 1918 daz
1321 1875 1393 1919 ez
1435 1866 1687 1922 unstoete
1729 1864 1794 1923 si.

506 1990 598 2043 27.
640 1973 959 2046 Herzelieb
1005 1985 1101 2047 hat
1147 1986 1380 2048 manich
1423 2004 1559 2049 man
1580 2033 1597 2061 ,

716 2087 824 2150 der
866 2087 1023 2150 doch
1066 2106 1169 2168 gar
1211 2090 1591 2187 verniugeret
1633 2091 1794 2155 dran.

1243 2341 1631 2353 n————-·=-·——-.——
1646 2345 1684 2352 ..ο

1384 2560 1570 2631 CCV.

1325 2710 1424 2756 (roi.
1455 2713 1614 2763 ms.)

857 2838 902 2887 1.
2042 2849 2091 2903 3.

315 2906 754 3006 Katharine
798 2923 1202 2989 collaudemus
1499 2920 1683 2994 Multa
1726 2932 1841 2994 fide
1883 2932 2191 2998 Ratharina

318 3019 595 3082 virtutum
637 3024 926 3103 insignia,
1496 3032 1753 3096 iudicem
1799 3032 2159 3099 Maxentium

313 3120 513 3183 cordis
557 3126 614 3185 ei
655 3133 1073 3209 presentemus
1498 3152 1619 3196 non
1661 3135 1965 3209 formidat,
2009 3139 2103 3199 lex
2147 3138 2334 3203 divina

314 3229 378 3283 et
424 3226 546 3285 oris
588 3225 903 3307 obsequia,
1497 3235 1608 3296 sed
1652 3236 1867 3300 format
1910 3240 2248 3320 eloquium,

311 3331 381 3386 ut
424 3343 531 3406 spe
576 3335 735 3390 certa
779 3333 1138 3410 respiremus
1494 3336 1656 3415 quod
1700 3340 1962 3404 confutat
2005 3331 2074 3404 ex
2120 3342 2382 3407 doctrina

306 3444 418 3506 per
461 3430 590 3492 eius
634 3424 908 3511 suffragia
929 3480 946 3506 ,
1494 3455 1729 3501 errores
1776 3444 2100 3521 gentilium.

306 3537 375 3591 ut
417 3533 488 3593 ab
532 3534 658 3612 ipsa
702 3542 1076 3615 reportemus

308 3648 466 3714 equa
506 3634 745 3697 laudum
789 3639 1029 3723 premia.
2031 3628 2085 3680 4·

842 3758 890 3809 2.
1491 3735 1644 3806 Victi
1690 3744 1923 3809 Christo
1969 3739 2318 3811 confitentur

306 3823 572 3919 Presens
618 3837 748 3900 dies
794 3844 1153 3923 expendatur
1487 3846 1705 3909 relictis
1750 3849 2065 3910 erroribus·

305 3935 366 3996 in
412 3938 540 3998 eius
584 3944 970 4023 preconium,
1486 3944 1653 4009 Iubet
1689 3947 1898 4024 judex,
1941 3956 2003 4010 ut
2050 3958 2400 4015 crementur.

307 4037 477 4097 cuius
523 4040 701 4101 virtus
747 4041 1013 4107 dilatatur
1487 4047 1616 4110 Nec
1659 4048 1791 4130 pilis
1833 4056 1932 4110 aut
1974 4051 2230 4113 vestibus

302 4138 363 4197 in
410 4156 515 4200 ore
557 4140 955 4219 laudantium,
1489 4157 1668 4212 nocet
1710 4153 1894 4232 ignis,
1941 4158 2001 4212 et
2041 4158 2338 4218 torrentur

304 4239 354 4299 si
397 4247 702 4319 gestorum
750 4251 1017 4310 teneatur
1483 4251 1694 4315 inustis
1735 4254 2096 4332 corporibus.

304 4340 434 4403 finis
480 4351 542 4405 et
581 4346 822 4410 initium.
