3155 4946
1061 780 1107 832 1.

525 856 745 938 Canu,
792 883 912 927 non
955 869 1214 929 animum

519 974 703 1030 mutat
746 968 1055 1041 stabilitas,

518 1069 752 1130 firmans
796 1069 886 1130 his
929 1070 1210 1149 optimum

520 1168 679 1250 quod
725 1172 935 1232 mentis
978 1170 1215 1232 firmitas

518 1272 726 1355 prebet
771 1288 906 1332 oum
951 1274 1126 1333 animi

521 1370 756 1434 tandem
798 1372 1047 1445 iudicio,

520 1492 655 1537 nam
703 1477 789 1536 sic
834 1474 1154 1555 turpissimi

519 1578 639 1640 voti
683 1578 930 1638 oonsilio

522 1678 675 1740 ‘iam’
719 1677 919 1741 scelus
960 1678 1196 1758 inprimi

521 1779 674 1844 iacto
718 1781 977 1856 nefario,

523 1881 697 1945 debet
737 1882 854 1968 hee
897 1884 1110 1963 perimi

521 1981 674 2046 facta
717 1986 1046 2065 promissio.

1060 2101 1151 2155 2„

521 2178 663 2254 Non
707 2196 833 2252 erat
872 2189 1091 2251 stabilis

524 2291 741 2373 gradus
785 2291 885 2370 qui
930 2289 1179 2364 cecidit,

522 2411 633 2476 pes
680 2394 808 2454 eius
853 2390 1038 2454 labilis

526 2495 737 2558 domus
785 2512 903 2579 que
949 2495 1199 2557 corruit:

524 2596 661 2658 hino
702 2603 766 2657 tu
813 2595 1156 2671 considera,

527 2697 669 2780 quid
715 2700 804 2779 agi
846 2716 1128 2772 censeas,

528 2800 670 2862 dum
711 2818 809 2862 res
853 2807 947 2862 est
986 2800 1196 2874 libera3

526 2905 616 2965 sio
659 2910 770 2976 sta,
815 2920 888 2965 ne
932 2904 1127 2965 iaceas
1144 2887 1177 2965 :a

526 3006 694 3087 prius
742 3004 1034 3077 delibera,

527 3105 686 3187 quod
730 3106 947 3169 fautum
992 3107 1209 3170 subeas
1223 3154 1242 3182 ,

524 3223 605 3268 ne
650 3206 744 3268 die
787 3214 1025 3287 postera

527 3324 666 3371 sero
706 3312 992 3395 peniteas.

1034 3425 1118 3480 ’3.

529 3499 707 3597 cepti
751 3511 1050 3576 dimidium

527 3614 700 3676 habet
743 3618 841 3694 qui
884 3618 1142 3700 opperit,

530 3721 771 3800 ceptum
813 3721 1114 3797 negotium

531 3818 584 3879 si
626 3837 747 3880 nou
790 3823 1074 3893 omiserit,

512 3922 683 3982 *nee’
726 3926 950 3983 tantum
995 3921 1225 3983 deditus

533 4023 689 4084 cirea
729 4024 1046 4103 principia,

1635 332 1720 403 46

1531 564 1805 638 LXXVI.

1557 689 1663 745 (tol.
1694 690 1787 741 48.)

1693 882 1899 928 verum
1945 862 2228 926 sollicitus

1693 984 1803 1056 pro
1845 966 1974 1028 finis
2018 966 2219 1045 gloria.

1695 1066 1846 1129 Nam
1889 1085 2086 1130 rerum
2130 1070 2317 1129 exitus

1697 1168 1863 1231 librat
1906 1167 2228 1242 industria,

1698 1270 1855 1332 subit
1895 1272 2165 1349 introitus

1698 1389 1954 1456 preceps
1998 1373 2238 1435 incuria.

2232 1489 2283 1541 4.

1700 1567 1963 1639 Coronat
2005 1576 2252 1638 militem

1697 1677 1862 1753 finis,
1904 1697 2023 1741 non
2069 1677 2354 1762 prelium,

1701 1781 1800 1844 dat
1838 1781 1935 1843 hio
1980 1782 2297 1861 ancipitem

1700 1888 1921 1945 metam
1968 1885 2027 1943 in
2070 1883 2364 1971 lys-avium,

1699 1983 1859 2046 istud
1904 1983 2066 2065 quod
2110 1983 2340 2046 tribuis·

1703 2086 1884 2148 dictat
1926 2086 2241 2158 stabilitas,

1700 2186 1858 2251 istud
1902 2187 2066 2269 quod
2110 2189 2320 2249 metuit

1700 2290 1927 2356 ‚inducit
1974 2292 2212 2363 levitas,

1706 2393 1845 2454 dum
1891 2392 2138 2454 Rumam
2184 2393 2388 2455 anuuit

1705 2498 1920 2556 mentis
1963 2495 2305 2573 integritas,

1706 2614 1883 2677 quam
1930 2596 2052 2658 dari
2096 2595 2325 2675 respuit

1707 2716 1852 2763 vana
1899 2698 2185 2760 nobilitas.
2237 2697 2246 2704 '

2243 2814 2294 2868 5.

1706 2892 1895 2964 Mutat
1937 2919 2075 2964 eum
2118 2899 2335 2963 Pr0teo
2417 2981 2430 2992 ‚
2509 2963 2522 2980 ,

1707 3007 1950 3087 figuram
1991 3005 2229 3076 levitas,

1710 3109 1957 3171 assumit
1999 3105 2135 3168 ideo

1608 3274 1615 3283 ,
1708 3207 1963 3272 ‘fortnas'
2005 3209 2097 3298 sui
2142 3189 2426 3294 cognitis*
2475 3243 2488 3250 -

1710 3312 1870 3398 vultu
1915 3313 2243 3376 constantia

1708 3430 2065 3475 conservans
2108 3414 2378 3476 intimum

1705 3516 1876 3595 alpha
1916 3514 2202 3602 principia

1582 3674 1587 3680 .
1667 3610 1767 3679 'et
1810 3637 1846 3679 o
1893 3617 2278 3679 novissimum

1704 3716 1951 3780 flectens
1994 3718 2057 3779 fit
2099 3718 2328 3794 media,

1705 3819 1803 3882 dat
1841 3819 2023 3881 finem
2065 3823 2354 3899 optimum

1705 3926 1940 3983 mutans
1984 3922 2042 3982 in
2088 3924 2245 3985 varia
2355 3903 2382 3924 '⁹

1708 4023 1905 4106 celum
1950 4042 2069 4085 non
2116 4025 2397 4098 animum.
