3155 4946
1428 331 1510 399 59

313 522 448 566 nam
492 505 905 585 instigaverunt
1454 546 1457 551 -
1494 512 1557 567 et
1598 506 1749 566 inter
1791 503 1993 584 gaudia

313 625 408 669 me
454 615 511 670 te
555 608 907 687 relinquere.
1494 606 1715 668 Eneam
1760 604 1964 668 audias

834 725 915 776 20.
1080 754 1083 755 ν
1493 728 1606 790 pro
1647 711 1938 772 beneficio

313 802 500 881 Dido,
543 809 854 891 possideas
1494 811 1844 874 reddentem
1887 812 2130 891 gratias!

312 915 492 977 sedes
536 914 750 994 elysias
768 958 785 984 ,

1237 1153 1697 1163 —————-—--

1397 1346 1552 1418 CLI.

1371 1473 1475 1525 (fol.
1503 1473 1599 1523 75.)

453 1593 473 1643 1
528 1575 583 1647 Ο
628 1584 848 1654 decus,
894 1600 931 1642 o
975 1580 1158 1666 Libye
1202 1583 1452 1660 regnum
1476 1626 1493 1652 ,
1537 1579 1896 1660 Carthaginis
1937 1581 2176 1649 urbem,

517 1709 554 1751 o
598 1686 941 1751 lacerandas
983 1687 1178 1748 fratris
1223 1704 1399 1765 opes,
1445 1703 1482 1747 o
1525 1687 1742 1766 punica
1786 1686 1966 1748 bella!

441 1833 475 1886 ²
523 1815 578 1887 Ο
623 1824 830 1886 dulces
873 1822 1154 1902 Phrygios
1172 1868 1190 1894 ,
1237 1839 1274 1882 o
1319 1820 1529 1884 dulces
1573 1821 1860 1894 advenas,

519 1946 669 2010 quos
711 1931 875 1989 tanto
917 1932 1186 2005 tempore
1232 1922 1540 2004 dispersos
1587 1940 1812 2008 equore
1855 1924 1970 1984 iam
2014 1921 2219 2001 hyems
2264 1915 2510 1995 septima

517 2033 831 2094 iactaverat
872 2028 948 2089 oh
991 2025 1189 2089 odium
1230 2023 1473 2088 lunonis
1494 2071 1511 2097 ,

528 2132 769 2216 ‘scylleo
813 2130 1038 2200 rabies,
1081 2128 1408 2211 Cyclopum
1450 2130 1676 2201 sanies,
1720 2126 1947 2211 celeno
1990 2126 2248 2207 pessima

518 2233 925 2298 transduxerat
965 2231 1041 2294 ad
1085 2231 1301 2293 solium
1342 2229 1609 2295 Didonis.

445 2379 478 2429 3
526 2360 684 2448 Quid
729 2389 825 2433 me
867 2370 1202 2433 crudelibus
1244 2376 1522 2431 exercent
1563 2368 1716 2431 odiis

519 2477 735 2537 arentis
776 2473 995 2559 Libye,
1038 2479 1177 2552 post
1217 2489 1423 2535 casnm
1467 2470 1752 2557 ‘Phrygis'

520 2595 672 2658 quos
714 2584 875 2661 terre
919 2575 1231 2655 naufragos
1277 2574 1671 2656 exceperam?

517 2679 618 2743 Me
662 2680 971 2751 miseram,
1018 2676 1160 2759 quid
1202 2677 1318 2740 feci
1337 2723 1356 2750 ,

520 2798 641 2864 que
684 2781 834 2842 meis
878 2778 1087 2864 {mulis
1105 2824 1123 2850 ,
1164 2780 1378 2860 ignotis
1419 2780 1658 2862 populis
1702 2787 1764 2841 et
1803 2780 1963 2859 genti
2004 2777 2247 2861 barbare

520 2881 798 2943 Sidonios
842 2898 913 2943 ac
954 2880 1164 2961 Tyrios
1207 2881 1461 2944 subieci!
1589 2949 1592 2954 .

448 3024 477 3076 4
527 3001 683 3080 ‘Heu
727 3017 927 3080 volant
940 3059 960 3088 ,
1002 3015 1118 3076 heu
1164 3015 1395 3087 volant',
1439 3018 1554 3078 iam
1596 3017 1796 3080 volant
1837 3017 2074 3079 carbasa
2092 3062 2108 3087 ‚

515 3119 634 3182 iam
675 3117 834 3182 nulla
875 3134 1017 3197 spes
1061 3115 1308 3214 qidonis
1354 3116 1430 3179 de
1472 3117 1665 3198 Tyriis
1711 3118 1958 3180 colonis.

518 3219 779 3299 Plangite
824 3216 1083 3289 Sidonii,
1129 3217 1292 3299 qnod
1333 3222 1395 3281 in
1440 3237 1545 3281 ore
1590 3218 1763 3299 gladii
1809 3217 2032 3300 deperii

519 3321 596 3382 oh
638 3337 906 3382 amorem
950 3317 1212 3400 ‘Phrygif
1253 3320 1555 3405 predonis.

441 3466 475 3519 ³
521 3449 719 3521 Encas
762 3458 984 3537 hospes
1029 3454 1332 3535 ‘Phrygius
1350 3502 1368 3528 ,
1410 3454 1605 3519 Iarbas
1649 3457 1836 3519 hostis
1874 3455 2087 3536 Tyrius

518 3560 705 3622 multo
747 3576 845 3621 me
886 3564 1177 3639 temptant
1216 3559 1496 3636 crimine,
1538 3558 1652 3621 sed
1690 3561 1850 3622 vario
1890 3558 2245 3623 discrimine.

443 3703 477 3754 ο
520 3683 938 3757 Iam*sitientis
982 3690 1167 3775 Libye
1211 3695 1413 3771 regina
1453 3701 1654 3777 spreta
1694 3695 2007 3775 linquitur,

518 3800 582 3858 et
620 3792 906 3872 thalamos
949 3791 1188 3879 lavinio
1225 3792 1517 3859 Troianus
1563 3796 1785 3878 hospes
1831 3796 2115 3878 seqnitur.

440 3940 472 3993 7
522 3920 684 4008 Quid
725 3946 891 4009 agam
940 3928 1188 3989 misera!
1235 3927 1389 3991 Dido
1433 3937 1641 4009 regnat
1684 3930 1892 3993 altera!
2013 4005 2019 4011 ,

515 4031 647 4095 Heu
665 4077 684 4104 ‚
728 4031 841 4095 vixi
885 4029 1125 4092 nimium
1143 4075 1162 4103 ,
1207 4047 1369 4091 mors
1414 4038 1548 4111 agat
1591 4040 1806 4094 cetera.

447 4176 480 4228 8
528 4157 784 4230 Deserta
825 4167 922 4228 siti
966 4168 1128 4246 regio
1174 4185 1271 4231 me
1311 4169 1472 4248 gravi
1515 4169 1697 4248 cingit
1738 4166 1928 4251 prelio
1943 4212 1962 4239 ‚
2089 4233 2102 4242 f

515 4268 708 4333 fratris
751 4286 850 4331 me
893 4274 1079 4332 terret
1117 4270 1318 4334 feritas
1361 4277 1422 4334 et
1463 4270 1781 4334 Numidum
1825 4269 2159 4334 crude-litas.
