3155 4946
1611 377 1732 449 146

518 632 670 706 Erat
709 641 882 705 arhor
921 644 1038 728 hec
1081 645 1143 705 in
1187 647 1353 723 prato
1703 654 1881 700 cerno
1927 637 2149 700 ‘forma'
2192 608 2469 717 singulari

521 744 729 824 quovis
774 742 921 808 flore
964 747 1283 824 picturato,
1700 739 2078 820 pastorellam
2122 741 2249 800 sine
2294 738 2450 818 pari,

520 846 698 909 herba
715 891 730 918 ,
771 846 957 908 ‘fonte
974 892 990 917 ‚
1035 845 1169 907 situ’
1215 850 1379 924 grato
1396 890 1412 916 ,
1701 841 2079 920 colligentem
2118 858 2301 903 mora.

522 946 632 1009 sed
676 955 741 1010 et
779 948 1015 1018 umbra,
1057 945 1201 1009 flatu
1246 945 1411 1009 dato:
2239 959 2287 1011 5.

521 1049 676 1128 stylo
719 1068 840 1111 non
883 1050 1171 1129 pinxisset
1210 1047 1377 1111 Plato
1693 1037 1765 1109 In
1807 1064 2074 1109 amorem
2116 1047 2245 1129 vise
2289 1040 2470 1114 cedo,
2554 1096 2569 1107 .

520 1148 652 1213 loca
696 1153 965 1231 gratiora.
1694 1151 1836 1212 facit
1877 1150 2080 1211 Venus
2123 1148 2268 1218 hoc,
2314 1154 2380 1210 ut
2410 1143 2631 1207 credo:

1062 1269 1111 1321 3.
1695 1251 1866 1323 adeS,
1911 1253 2187 1329 inquam,
2231 1268 2348 1311 non
2392 1267 2527 1311 sum
2567 1246 2793 1332 predo,

520 1345 743 1418 Subest
784 1355 918 1416 fons
961 1356 1179 1419 vivacis
1224 1371 1405 1438 vene,
1693 1352 1838 1417 nihil
1881 1352 2022 1413 tollo
2039 1398 2055 1423 ‚
2098 1351 2244 1413 nihil
2286 1350 2452 1434 ledo,

518 1455 687 1518 adest
728 1461 935 1518 cantus
980 1455 1318 1540 philomene
1691 1472 1787 1515 me
1832 1471 2082 1534 meaque
2126 1454 2233 1518 tibi
2278 1452 2464 1526 dedo,

517 1557 922 1638 Naiadumque
967 1558 1295 1643 cantilene,
1690 1556 1991 1636 pulchrior
2035 1573 2213 1636 quam
2240 1555 2427 1617 Flora.

516 1659 823 1741 paradisus
868 1660 964 1721 hic
1008 1667 1101 1721 est
1141 1678 1330 1740 pene,
2235 1675 2282 1726 6.

515 1779 637 1824 non
680 1770 819 1825 sunt
859 1761 1019 1835 loca,
1066 1763 1191 1823 scio
1234 1760 1444 1842 plene,
1690 1751 1826 1847 Que
1872 1760 2177 1842 respondit
2219 1761 2400 1823 verbo
2441 1760 2642 1822 brevi:

514 1863 607 1925 his
651 1864 1011 1928 iucundiora.
1697 1865 1907 1928 “ludos
1950 1866 2061 1926 viri
2105 1882 2223 1926 non
2268 1865 2535 1933 assuevi,

1056 1982 1106 2034 4.
1689 1976 1820 2029 sunt
1868 1973 2142 2046 parentes
2186 1966 2329 2027 mihi
2374 1965 2590 2036 Suevi3

513 2055 631 2128 ch
676 2065 820 2128 dum
862 2068 1056 2146 placet
1099 2067 1416 2140 delectari,
1687 2077 1876 2131 mater
1918 2070 2198 2147 longioris
2241 2072 2335 2153 evi

510 2168 882 2248 delectatque
928 2168 1265 2242 iocundari,
1685 2166 1974 2234 irascetur
2015 2188 2123 2250 pro
2168 2189 2231 2230 re
2276 2169 2425 2240 levi,

511 2277 573 2332 et
615 2271 687 2333 ah
732 2276 868 2357 estu
912 2273 1190 2345 relevari,
1686 2291 1864 2354 parce
1907 2290 2065 2334 nunc
2108 2273 2168 2332 in
2213 2270 2415 2332 hora.’'

1435 2461 1591 2471 -ῃ,
2682 2406 2717 2463 ³.-

1598 2580 1718 2655 53.
2586 2673 2595 2682 ’
2726 2621 2757 2648 .
2852 2587 2859 2594 ·

1505 2710 1632 2763 ,(ωι.
1657 2710 1709 2755 34
1720 2710 1790 2763 b.)

1166 2798 1336 2864 [cons.
1374 2813 1532 2868 supra
1566 2797 1717 2851 CCII.
1753 2799 1838 2853 45.
1872 2814 1990 2868 paq.
2026 2796 2145 2863 91.]

1052 2902 1098 2954 1.
2227 2898 2277 2952 2.

504 2974 757 3048 Esnvau
802 2984 1014 3067 gaudio
1685 2979 1984 3053 ornantur
2026 2996 2191 3068 prata
2235 2985 2477 3048 floribus

505 3086 683 3149 tellus
728 3096 1068 3162 renovatur,
1681 3094 1825 3154 varii
1874 3091 2121 3163 coloriS,

505 3187 793 3251 militandi
835 3190 1029 3253 studio
1682 3211 1933 3272 quorum
1978 3192 2288 3255 delectatio

505 3289 706 3352 Venus
751 3295 1063 3366 excitatur-3
1680 3314 1858 3358 causa
1900 3296 1963 3356 fit
2007 3299 2254 3374 amoris;

506 3392 720 3471 gaudet
762 3394 978 3457 chorus
1020 3398 1330 3469 iuvenum,
1680 3396 1895 3475 gaudet
1937 3397 2153 3458 chorus
2196 3399 2502 3467 iuvenum,

505 3492 646 3555 dum
691 3497 857 3559 turba
901 3499 1182 3577 frequens
1228 3500 1422 3560 avium
1679 3498 1820 3560 dum
1863 3497 2029 3560 turba
2074 3499 2354 3578 frequens
2398 3500 2593 3561 avium
2626 3479 2639 3488 ⁸
2690 3491 2703 3502 ⁶
2743 3553 2775 3575 ,-

507 3598 725 3674 garritu
769 3599 1119 3663 modulatur.
1679 3602 1896 3678 garritu
1941 3598 2291 3664 modulatur.

503 3685 662 3760 Refl.
690 3687 923 3775 Quanta
966 3708 1103 3763 sunt
1147 3700 1356 3780 gaudia
2216 3716 2267 3773 3.

673 3803 896 3864 amanti
937 3810 998 3865 et
1040 3812 1231 3866 amato
1676 3795 1746 3867 In
1789 3806 1983 3867 calore
2027 3805 2221 3867 vivido

672 3907 801 3967 sine
844 3905 997 3968 fellis
1042 3905 1270 3968 macula
1677 3925 1832 3969 nunc
1876 3906 2267 3968 reformantur
2309 3907 2534 3980 omnia,

671 4007 888 4091 dilecte
933 4010 1187 4070 sociato!
1677 4010 1914 4071 hiemali
1957 4010 2119 4094 tedio

670 4107 789 4178 lam
835 4116 1149 4171 rever-nant
1191 4110 1386 4169 omnia
1678 4123 1794 4190 que
1839 4113 2062 4173 viluere
2105 4112 2414 4190 languida3
2536 4159 2548 4168 .

669 4208 838 4271 nobis
883 4208 1283 4280 delectabilia,
1671 4212 1845 4274 tellus
1889 4213 2087 4274 ferens
2133 4215 2396 4291 gramina

667 4311 877 4391 hyems
922 4311 1266 4374 eradicatur.
1674 4314 1984 4378 decoratur
2028 4314 2296 4391 floribus»,

1686 4595 1733 4634 ¹4
