3155 4946
362 849 522 918 Exnr
567 856 825 918 diluculo
907 769 950 820 ¹·

358 960 575 1020 rustica
618 956 812 1034 puella

360 1078 495 1121 eum
539 1076 752 1138 grege,
798 1077 933 1120 eum
974 1059 1213 1131 baculo,

359 1179 496 1222 eum
537 1160 669 1222 lana
713 1160 960 1224 novella.

898 1280 945 1330 2.

355 1354 514 1427 Sunt
556 1366 618 1425 in
661 1381 841 1444 grege
885 1364 1126 1444 parvulo

354 1467 480 1528 ovis
525 1471 586 1527 et
629 1466 836 1538 asella,

891 2050 938 2100 1.

345 2119 496 2193 Am
539 2138 706 2210 parte
751 2131 1011 2205 ‘florida',

348 2232 481 2318 cplo
525 2235 760 2311 puriore
776 2281 792 2307 ,

346 2336 506 2414 picto
548 2340 709 2420 terre
756 2340 979 2415 gremio

341 2438 503 2500 vario
550 2436 779 2511 colore,

342 2538 483 2601 dum
523 2539 756 2618 fugaret
800 2540 997 2605 sidera

339 2642 580 2702 nuntius
621 2640 854 2727 Aul-ore
870 2688 887 2714 ,

339 2739 528 2819 liquet
571 2758 814 2803 somnus
858 2742 1064 2804 oculos

339 2838 620 2919 Phyllidis
664 2849 727 2902 et
764 2841 956 2927 Flore.

877 2975 926 3027 2.

338 3050 570 3123 Placuit
609 3060 929 3139 virginibus

335 3165 425 3225 ire
468 3165 812 3242 spatiatum,

334 3282 472 3327 nam
517 3282 793 3344 soporem
838 3269 1004 3329 reicit

332 3372 544 3446 pectus
588 3370 947 3442 sauciatum3

336 3469 507 3551 equis
551 3485 693 3546 ergo
738 3471 1007 3548 passibus

334 3574 550 3628 exeunt
588 3569 647 3627 in
693 3575 925 3648 pratum
940 3617 956 3643 ,

331 3676 401 3733 ut
441 3678 504 3732 et
544 3672 711 3733 loeus
754 3670 928 3733 faciat

332 3770 536 3834 ludum
581 3789 717 3833 esse
762 3778 1010 3851 gratum.

875 3905 922 3958 3.

328 3979 518 4052 Erant
560 3990 731 4076 ambe
772 3993 1029 4071 virgines

330 4100 392 4153 et
434 4093 605 4176 ambe
650 4094 882 4177 regine,

327 4189 547 4272 Phyllis
591 4211 762 4255 coma
804 4194 985 4258 libera
1002 4242 1018 4268 ,

326 4290 496 4354 Flora
539 4298 774 4371 compto
819 4297 1016 4359 crine:

1453 379 1575 447 155

1451 556 1567 631 63.

1383 689 1492 740 (fol.
1517 687 1657 738 aab.)

1540 854 1717 916 vitula
1761 872 1897 915 eum
1939 852 2122 915 vitulo
2140 899 2156 923 ,

1539 974 1718 1036 caper
1761 961 1823 1017 et
1865 953 2110 1033 capella.

2074 1069 2123 1123 3.

1535 1142 1862 1240 Conspexit
1903 1159 1966 1219 in
2010 1158 2233 1235 cespite

1532 1261 1823 1324 scolarem
1867 1259 2110 1322 sedere:
2193 1317 2196 1321 .

1533 1363 1677 1445 quid
1719 1371 1784 1424 tu
1826 1363 1974 1424 facis
1989 1407 2006 1433 ‚
2051 1361 2285 1423 domine
2304 1407 2319 1426 ,

1531 1467 1669 1527 veni
1711 1481 1949 1529 meeum
1989 1462 2213 1525 ludere.

1544 1634 1741 1644 -..-..-....

1437 1760 1563 1836 65.

1378 1873 1477 1926 (rol
1533 1872 1637 1922 89.)

1190 1954 1267 2006 De
1301 1953 1534 2020 Phyllide
1569 1959 1622 2004 et
1654 1952 1823 2004 mors.

1527 2151 1647 2195 non
1694 2139 1831 2193 sunt
1872 2132 2064 2215 forme
2108 2131 2426 2209 virginum,

1525 2234 1636 2295 sed
1678 2232 1870 2317 forme
1916 2231 2145 2315 divine,

1526 2343 1589 2396 et
1630 2332 1992 2412 respondent
2035 2332 2183 2394 facie

1522 2435 1643 2497 luci
1685 2434 1991 2518 matutine.

2063 2569 2113 2620 4.

1520 2647 1655 2719 Nee
1698 2657 1914 2736 stirpe,
1960 2672 2072 2716 nee
2115 2653 2295 2726 faeie,

1520 2777 1634 2822 nee
1676 2763 1885 2819 ornatu
1928 2756 2103 2828 vileS,

1520 2869 1582 2924 et
1627 2878 1812 2922 annos
1857 2867 1919 2920 et
1962 2861 2186 2920 animos

1519 2964 1737 3024 hahent
1781 2962 2068 3023 iuveniles
2086 3007 2102 3033 ,

1517 3062 1631 3124 sed
1676 3070 1814 3124 sunt
1857 3078 2065 3139 parum
2106 3062 2341 3140 inpares

1517 3170 1580 3226 et
1621 3181 1830 3243 parum
1871 3163 2149 3234 hostiles,

1513 3283 1653 3327 nam
1693 3265 1832 3325 huie
1874 3264 2065 3343 placet
2111 3265 2477 3337 clericus,

1509 3365 1595 3426 illi
1638 3382 1779 3427 vero
1823 3366 1998 3428 mile
2015 3384 2063 3427 s.

1510 3573 1650 3644 Non
1695 3588 1788 3644 est
1830 3499 2160 3646 differetfftia

1512 3687 1778 3765 corporis
1824 3691 1923 3747 aut
1966 3688 2116 3756 oris,

1513 3789 1710 3847 omnia
1753 3793 1891 3847 sunt
1934 3791 2268 3851 communia

1513 3895 1575 3950 et
1617 3891 1776 3951 intus
1822 3895 1882 3950 et
1924 3889 2100 3961 foris,

1513 3997 1655 4053 sunt
1697 3995 1870 4053 unius
1916 3991 2146 4055 habitus

1511 4098 1572 4153 et
1616 4094 1790 4153 unius
1835 4096 2048 4166 moris,

1508 4192 1636 4253 sola
1681 4192 2014 4257 differentia

1503 4291 1717 4354 modus
1763 4302 1856 4355 est
1899 4298 2135 4358 amoris.
