3155 4946
430 444 508 509 ad
550 447 777 528 plateas
822 448 1256 513 descendamus

431 554 494 611 et
537 549 784 613 choreas
827 553 1133 632 virginum.

965 739 1020 796 4.

427 843 515 919 Ibi
559 873 676 941 que
720 856 786 918 fit
824 857 1010 921 facilis

430 965 525 1022 est
567 959 801 1023 videndi
845 962 1047 1042 copia,

961 1561 1010 1616 1.

422 1631 553 1705 Dm
595 1660 859 1726 caupona
899 1655 1198 1710 verterem
1289 1722 1302 1735 ⁹

421 1745 558 1806 vino
604 1743 961 1809 debachatus
980 1793 997 1820 ,

323 1858 330 1865 ·
422 1861 598 1909 secus
644 1848 929 1930 templum
972 1848 1219 1913 Veneris

422 1965 582 2010 eram
628 1950 982 2032 hospitatus,

420 2051 584 2115 solus
628 2053 784 2114 ibam
828 2073 1115 2136 prospere

355 2228 370 2239 ·
417 2154 676 2217 vestibus
721 2163 995 2229 ornatus,

417 2255 659 2335 plenum
703 2258 902 2321 ferens
945 2258 1205 2323 loculum

418 2356 493 2419 ad
537 2360 836 2423 sinistrum
879 2363 1049 2425 latus.

416 2568 585 2641 Almi
627 2581 832 2661 templi
875 2494 1048 2645 ianzua

416 2684 755 2745 servabatur
799 2684 1012 2764 plene,

413 2784 642 2862 ingredi
687 2802 805 2846 non
851 2793 1151 2864 poteram,

412 2894 479 2950 ut
523 2894 727 2966 optatu
769 2889 955 2959 δεινος

410 2988 566 3049 intus
613 2996 736 3050 erat
779 2991 1009 3052 sonitus

413 3087 600 3151 dulcis
647 3091 975 3176 cantilene,

411 3191 760 3275 estimabant
801 3193 1070 3273 plurimi,

413 3292 571 3373 quod
614 3293 710 3354 hic
753 3304 958 3358 essent
998 3298 1230 3385 Sirene.

410 3504 568 3577 Cum
611 3514 862 3578 custode
907 3429 1083 3602 ianuae

405 3634 618 3699 parum
660 3619 955 3697 requievi3

408 3726 535 3781 erat
576 3721 737 3798 virgo
783 3721 1027 3793 nobilis,

403 3819 684 3900 pulchra,
730 3826 885 3882 statu
927 3822 1124 3895 brevi,

407 3921 739 3985 secundans
785 3922 1080 4003 colloquia

403 4025 466 4084 in
511 4040 788 4085 sermone
832 4024 981 4095 levi;

403 4123 644 4187 tandem
690 4125 1047 4188 desiderium

402 4226 655 4289 intrandi
697 4229 938 4306 explevi.

1526 277 1651 350 138

1608 455 1686 516 ibi
1728 455 1913 535 fulget
1953 454 2184 517 mobilis

1609 557 2006 618 membrorum
2050 555 2320 627 lascivia,

1608 658 1749 722 dum
1793 658 1993 742 puelle
2036 675 2103 719 se
2147 654 2440 720 movendo

1606 761 1864 840 gestibus
1911 760 2245 831 lasciviunt,

1605 861 1772 925 ‘asto'
1817 862 2050 935 videns,
2096 868 2159 923 et
2199 859 2452 924 videndo

1607 983 1703 1027 me
1747 965 1890 1027 mihi
1930 965 2277 1046 subripiunt.

1520 1326 1642 1401 49.

1468 1471 1568 1526 (fol.
1595 1471 1696 1525 80.)

2139 1561 2191 1613 4.

1599 1637 1668 1709 In
1710 1648 1982 1726 ingressu
2024 1646 2236 1730 ianne,

1600 1748 1818 1812 sedens
1860 1750 2132 1810 invitatus

1597 1852 1670 1913 ab
1714 1852 1823 1913 hac
1867 1849 2110 1930 pulchra
2153 1849 2377 1927 virgine

1598 1969 1732 2014 sum
1773 1952 2195 2030 interrogatus:

1604 2051 1801 2124 „u‘nde
1847 2072 1947 2127 es,
1992 2071 2029 2114 o
2072 2055 2301 2115 iuvenis

1596 2155 1733 2217 huic
1777 2157 2102 2238 applicatus
2117 2155 2187 2216 :2⁴⁴

1599 2256 1707 2319 Cui
1750 2257 1897 2319 dixi:
1941 2258 2212 2330 domina,

1594 2361 1772 2421 vestri
1818 2362 2149 2423 comitatus.

2133 2494 2184 2545 5.

1594 2572 1775 2667 „Que
1817 2589 1910 2644 est
1956 2599 2165 2658 causa,
2210 2579 2424 2653 dicito,

1593 2685 1709 2748 huc
1751 2690 1838 2749 tui
1882 2685 2202 2756 adventus,

1591 2789 1781 2867 qualis
1825 2788 1900 2852 ad
1944 2789 2059 2872 hec
2103 2789 2293 2849 littora

1590 2889 1814 2969 appulit
1856 2897 1915 2951 te
1960 2887 2253 2952 ventus?“

1589 2990 1749 3052 Dixi:
1793 2995 2133 3054 necessario

1589 3094 1759 3155 venio
1803 3092 2139 3156 ‘detentus’.

1593 3193 1806 3265 „Duxit
1849 3201 1908 3255 te
1954 3196 2284 3257 necessitas

1590 3303 1652 3359 et
1693 3304 1792 3360 tua
1834 3295 2190 3361 iuventus?“

2124 3432 2174 3485 6.

1586 3509 1874 3599 lutusque
1919 3519 2175 3581 exterius

1586 3622 1755 3683 hasta
1797 3621 2135 3684 vulneratus

1588 3741 1622 3785 a
1667 3724 1875 3802 sagitta
1915 3721 2200 3791 Veneris,

1586 3843 1658 3888 ex
1703 3843 1821 3905 quo
1867 3826 1948 3888 sui
1993 3832 2203 3894 natus,

1584 3926 1768 3988 telum
1811 3925 1940 3987 fero
1983 3926 2245 4004 pectoris

1585 4026 1851 4089 nondum
1895 4028 2254 4098 medicatus,

1587 4147 1764 4191 cursu
1806 4132 1940 4191 veni
1984 4133 2192 4202 tacito,

1587 4230 1752 4309 quod
1796 4232 1906 4293 sim
1950 4233 2242 4294 liberatus.
