3155 4946
286 511 346 565 et
392 503 625 567 honesti
670 506 1045 586 conprobati‚

282 606 398 667 illis
443 607 626 668 simus
671 606 1083 669 commendati.

820 740 865 791 3.

282 830 424 904 Nou
469 843 546 904 sit
587 844 753 905 vobis
801 861 908 904 cor
947 847 1158 905 iratum

284 942 598 1005 adversum
643 961 740 1005 me
787 946 875 1006 sic
920 944 1313 1011 denudatum,

284 1051 345 1106 et
387 1046 458 1106 ab
502 1046 782 1107 omuibus
825 1053 1180 1125 separatum.

818 1179 869 1229 4.

278 1273 439 1361 Ergo
462 1327 479 1353 ,
526 1282 700 1345 mites
748 1281 998 1353 domini,

279 1387 581 1448 karitatem
626 1385 871 1463 diligatis
888 1431 905 1460 ,

276 1488 419 1549 mibi
464 1505 611 1558 veru
648 1487 844 1565 egenti

1393 338 1474 400 77

1470 509 1736 570 solamen
1780 507 2166 587 impendatis,

1468 617 1532 671 ut
1573 610 1867 688 particeps
1919 608 2142 669 efficiar

1464 717 1664 795 vestre
1707 710 1979 790 largitatis
1999 755 2015 779 ‚

1466 831 1604 874 uam
1648 831 1753 874 vos
1798 829 1935 874 esse
1980 814 2177 873 socios

1466 914 1593 974 scio
1634 912 1908 974 karitatis.

2004 1076 2054 1131 5.

1466 1174 1606 1245 Nou
1650 1182 1829 1244 debet
1856 1184 2050 1246 ⁴boum
2094 1186 2227 1263 pius

1465 1300 1646 1345 causa
1690 1284 2051 1349 schillink
2094 1289 2264 1347 unius

1462 1387 1644 1456 verti,
1692 1384 1853 1464 quod
1896 1388 1971 1446 sit
2014 1388 2227 1448 mentis
2271 1386 2453 1457 alius,

1464 1489 1576 1547 uisi
1622 1493 1688 1548 ut
1727 1487 1838 1549 fuit
1880 1489 2061 1568 prius.

1301 1816 1572 1888 CXCIX.

1318 1943 1426 1993 (fol.
1455 1940 1557 1992 98.)

1207 2033 1280 2082 Dc
1315 2028 1484 2080 mundi
1517 2033 1668 2078 statu.

827 2141 974 2189 1.ν

277 2229 502 2299 vas
544 2245 636 2301 est
676 2239 738 2300 iu
780 2240 999 2301 varium

278 2360 426 2425 sepe
473 2342 724 2427 variatus

276 2448 332 2504 et
377 2459 410 2505 a
456 2447 642 2504 status
687 2439 893 2502 ordine

275 2545 367 2606 sui
412 2541 760 2622 degradatus
778 2588 796 2614 ,

275 2645 425 2707 ordo
468 2644 674 2706 mundi
718 2645 955 2724 penitus

274 2753 369 2807 est
410 2743 775 2807 inordinatus
792 2788 809 2816 ,

272 2845 532 2909 muudus
576 2846 817 2907 nomine
859 2852 1035 2908 tenus

275 2953 420 3018 stat,
465 2945 576 3008 sed
621 2952 714 3006 est
754 2953 1094 3024 prostratus.

273 3191 662 3262 Transierunt
701 3206 929 3269 vetera,

272 3302 430 3384 perit
471 3318 605 3362 mos
650 3304 954 3380 antiquus,

272 3402 511 3465 inolevit
550 3402 802 3482 nequior

272 3521 408 3565 mos
451 3510 512 3564 et
555 3502 690 3583 plus
731 3504 994 3582 iniquus;

274 3622 455 3667 nemo
501 3621 670 3666 meus
687 3651 705 3677 ,
748 3606 990 3684 quilibet

275 3723 421 3768 suus
465 3712 562 3767 est
603 3705 859 3776 amicus;

273 3824 395 3869 nou
441 3806 730 3905 Saturnus
774 3815 981 3886 regnat
1021 3823 1179 3869 nuuc
1199 3852 1215 3877 ‚

273 3909 457 3970 immo
500 3906 740 3970 ‘Plutus’
782 3909 1035 3987 iniquus.

850 4055 883 4108 3

275 4148 715 4238 sperabamus,
759 4155 922 4237 quod
966 4155 1159 4220 adbuc

274 4261 585 4339 quisquam
628 4267 995 4331 remaneret,

1464 2234 1754 2296 muudum
1800 2236 1901 2314 qui
1943 2235 2291 2318 precipitem

1461 2335 1657 2398 dando
1702 2337 2051 2406 sustineret,

1459 2438 1639 2519 pleno
1684 2455 1871 2501 cornu
1916 2439 2090 2522 copie

1459 2558 1706 2602 munera
1749 2540 2060 2624 preberet,

1459 2660 1677 2703 nomeu
1720 2642 1894 2720 largi,
1937 2639 2046 2708 sed
2093 2648 2156 2703 et
2194 2660 2322 2705 rem
2340 2691 2354 2716 ‚

1461 2743 1624 2822 quod
1666 2743 1801 2823 plus
1846 2748 1972 2813 est,
2013 2742 2272 2815 baberet.

2006 2896 2055 2948 4.

1460 2989 1663 3060 Avem
1705 3013 1897 3058 raram
1939 2995 2202 3058 nondum
2245 2996 2395 3057 banc

1458 3101 1629 3180 potui
1670 3096 1906 3168 videre,

1460 3207 1554 3263 est
1596 3199 1855 3284 Phenice
1898 3199 2085 3259 rarior

1459 3303 1838 3364 hircocervus
1881 3316 2040 3361 vere.

1458 3402 1625 3464 Hauc
1670 3401 1903 3484 quesivi
1948 3401 2152 3482 sepius
2171 3446 2188 3472 ,

1454 3503 1605 3567 felix-
1634 3509 1698 3563 tu
1739 3503 1868 3565 iam·
1903 3516 2089 3583 quere
2106 3545 2123 3569 ,

1455 3605 1508 3663 ei
1553 3619 1773 3664 nomen
1817 3602 2051 3663 interim

1457 3703 1726 3765 dabimus
1771 3702 2067 3785 Cbimere.

1996 3855 2045 3904 5.
2156 3833 2161 3838 ’

1452 3944 1712 4018 Mundus
1756 3973 1898 4036 ergo
1943 3955 2152 4017 labitur
2170 3999 2187 4023 ‚

1452 4059 1651 4120 nullus
1691 4058 1848 4119 bunc
1892 4063 2218 4126 sustentat,

1452 4159 1672 4230 currit,
1717 4157 1899 4230 cadit,
1942 4158 2162 4220 corruit
2178 4201 2195 4227 ,

1451 4261 1587 4339 quis
1628 4275 1768 4320 eum
1809 4257 2109 4322 retentat?
