3155 4946
1436 294 1563 363 247

555 497 612 551 2.
656 478 943 549 Versibus
985 488 1046 547 in
1089 487 1296 566 paucis
1343 485 1533 548 dicam
1576 488 1683 548 tibi
1726 488 1912 572 prelia
1955 488 2091 548 litis.

754 588 1021 663 Quatuor
1064 588 1126 647 in
1169 586 1364 647 tabula
1406 588 1496 647 bis
1543 590 1710 651 color
1753 598 1845 651 est
1885 593 2073 651 varia:

550 760 605 812 3.
654 739 933 811 Albescit
974 749 1236 827 primus3
1283 749 1485 820 rubet,
1532 756 1709 828 atque
1756 751 1955 811 colore
1999 748 2296 810 secundus

753 858 851 912 aut
895 852 1065 929 niger
1110 851 1211 910 aut
1254 849 1532 928 ‘glaucus’
1577 854 1837 932 pingitur
1881 859 1981 912 aut
2025 851 2260 913 rubeus.
2351 861 2358 867 ·

551 1023 607 1077 4.
653 1004 722 1075 Ιη
765 1015 955 1093 primo
1000 1012 1233 1073 Roclms
1279 1016 1653 1075 committere
1695 1014 1850 1076 bella
1893 1016 2183 1084 minatur,

752 1122 985 1193 statque
1028 1113 1325 1175 secundus
1369 1115 1568 1192 Eques
1613 1116 1839 1178 ludicra
1882 1119 2010 1178 iura
2054 1116 2318 1177 ‘tenens’.

549 1285 604 1340 5.
654 1268 892 1339 Tertius
936 1275 1160 1348 Allieno
1205 1282 1405 1336 custos
1451 1277 1666 1355 regalis
1709 1276 1988 1348 habetur,

750 1381 884 1440 Rea·
919 1384 1162 1456 quartus
1207 1378 1474 1449 ‘renitet’‚
1517 1381 1756 1440 Femina
1798 1381 2002 1457 quinta
2045 1377 2236 1439 sedet.

546 1551 603 1604 o.
647 1532 798 1604 Post
840 1542 972 1604 illos
1010 1556 1328 1619 procerum
1373 1539 1779 1601 ‘revocabitur’
1824 1539 1969 1600 ordo
2015 1541 2279 1619 priorum

745 1644 906 1706 cedit
950 1650 1012 1705 et
1053 1644 1116 1702 in
1159 1657 1342 1700 unum
1387 1640 1557 1701 turba
1602 1657 1818 1719 procax
1853 1643 2132 1717 peditum.

545 1814 602 1869 7.
650 1796 786 1868 Stat
821 1806 1046 1882 pedes,
1092 1808 1156 1863 et
1196 1800 1398 1862 dextra
1443 1802 1596 1880 rapit
1640 1808 1703 1862 et
1745 1801 1820 1863 de
1864 1808 2034 1881 parte
2080 1802 2319 1866 sinistra

745 1925 927 1986 quem
971 1906 1083 1967 sihi
1128 1902 1432 1964 diversum
1475 1904 1734 1964 cernerit
1778 1905 2137 1983 oppositum.

540 2076 596 2130 8.
643 2058 724 2130 Et
765 2070 818 2128 si
861 2065 1097 2145 quando
1142 2065 1315 2127 datur
1356 2066 1552 2151 tabule
1597 2066 1709 2126 sihi
1750 2074 1997 2145 tangere
2043 2085 2377 2143 summam,

740 2169 1002 2246 Reqinae
1047 2167 1289 2227 solitum
1332 2169 1584 2252 preripit
1628 2167 1918 2249 officium,

540 2338 596 2391 9.
640 2320 722 2391 Et
763 2328 955 2391 factus
999 2326 1214 2389 mulier
1253 2332 1390 2406 νομί
1431 2327 1594 2389 ferus
1640 2327 1857 2390 arbiter
1898 2328 2099 2413 heret,

742 2432 999 2511 imperat
1043 2437 1106 2493 et
1149 2436 1390 2510 regnat,
1434 2430 1572 2492 hinc
1619 2431 1805 2509 capit,
1851 2429 1988 2491 inde
2032 2430 2206 2494 labat.

505 2599 600 2655 10.
645 2581 817 2655 Bella
863 2599 1105 2654 movent
1145 2592 1319 2670 primi
1359 2593 1627 2666 pedites,
1672 2590 1945 2652 labuntur
1986 2598 2050 2652 et
2091 2593 2237 2671 ipsi,

742 2700 806 2755 et
850 2694 1094 2774 reliquis
1140 2692 1406 2754 timidam
1450 2692 1594 2755 dant
1638 2691 1981 2753 ‘moriendo'
2022 2694 2195 2755 viam.

503 2858 602 2911 11.
648 2838 770 2909 Per
812 2847 1011 2930 tabule
1055 2848 1314 2925 spatium
1354 2847 1563 2906 Rocho-
1597 2846 1942 2907 conceditur
1983 2848 2071 2906 ire

739 2950 801 3010 in
844 2966 962 3027 qua
1005 2953 1172 3026 parte
1216 2946 1385 3017 velit,
1432 2949 1484 3009 si
1525 2948 1670 3007 nihil
1715 2949 2031 3008 obstiterit.

502 3112 597 3166 12.
643 3093 834 3165 Maior
877 3103 1133 3163 maiores
1178 3101 1329 3178 rapit
1375 3104 1436 3160 et
1482 3099 1742 3161 fallendo
1787 3101 2076 3172 minores,

743 3207 946 3288 sepius
990 3209 1054 3264 et
1095 3202 1374 3262 minimus
1418 3201 1640 3262 fallitur
1681 3218 1717 3263 a
1759 3204 1958 3263 sociis.

496 3369 591 3423 18.
641 3345 940 3437 ‘Belliger’
984 3356 1261 3434 insignis,
1305 3353 1599 3433 prudens,
1645 3355 1807 3417 celer
1825 3401 1843 3428 ,
1889 3362 2060 3435 aptus
2105 3363 2168 3418 et
2209 3360 2386 3420 armis

742 3461 926 3522 currit
972 3475 1153 3536 eques
1199 3455 1437 3536 rapidus
1481 3473 1598 3536 qua
1640 3460 1806 3535 patet
1850 3463 1977 3518 arte
2019 3457 2218 3529 locus,

506 3618 603 3674 14.
650 3601 894 3691 Decipit
934 3613 1202 3673 insontes
1248 3613 1446 3672 socios
1489 3617 1552 3671 et
1594 3608 1799 3671 fraude
1843 3615 2149 3682 carentes,

739 3718 928 3774 terret
971 3719 1035 3773 et
1075 3713 1408 3790 insequitur
1426 3757 1443 3784 ,
1486 3712 1584 3773 hic
1629 3713 1817 3791 capit,
1859 3712 1959 3773 hic
2003 3713 2248 3791 capitur.

499 3873 594 3929 15.
639 3853 888 3941 Atticus
930 3867 1139 3927 trivius
1181 3872 1428 3927 cornuta
1470 3864 1665 3927 fronte
1708 3865 2006 3927 timendus

743 3976 911 4041 ante,
955 3974 1115 4030 retro
1159 3969 1408 4030 comites
1453 3967 1655 4048 diripit
1697 3969 1985 4047 invigiles.

501 4129 596 4184 1⁶.
642 4110 710 4184 A
755 4122 1027 4185 ‘dominis
1071 4122 1349 4195 minimi’‚
1395 4121 1618 4184 domini
1661 4123 1967 4202 rapiuntur
2008 4121 2080 4182 ab
2121 4122 2287 4183 imis:

745 4225 834 4286 sic
877 4225 1102 4286 mixtim
1141 4241 1460 4303 procerum
1500 4225 1670 4287 turba
1684 4270 1701 4298 ,
1746 4221 1900 4322 perit
1940 4222 2226 4307 peditum.
