3155 4946
1463 360 1549 430 4⁷

1325 555 1586 632 LXXVI
1625 581 1685 633 a.

1376 682 1470 734 (roi.
1497 684 1553 730 48
1575 684 1643 735 ιι.)
2036 703 2254 761 Versus,

359 823 385 875 1
439 782 493 878 ὸ
535 814 792 880 Fortuna
836 817 1016 891 levis,
1060 820 1245 883 cuivis
1291 817 1396 882 das
1440 823 1636 886 omnia
1681 825 1919 908 quevis,

564 928 624 981 et
667 922 851 984 cuivis
897 925 1101 1008 quevis
1144 922 1374 987 auferet
1415 924 1559 988 bora
1603 928 1815 992 brevis.

354 1050 388 1102 2
433 1030 716 1103 Passibus
763 1042 1046 1122 ambiguis
1089 1042 1344 1107 Fortuna
1389 1044 1660 1107 volubilis
1705 1053 1893 1121 errat,

560 1149 621 1205 et
663 1150 863 1206 manet
902 1145 961 1206 in
988 1146 1170 1215 nullo
1212 1151 1373 1208 certa
1415 1154 1710 1229 tenaxque
1752 1149 1925 1222 10003

354 1253 388 1307 8
437 1244 545 1308 sed
592 1244 770 1307 modo
811 1248 929 1332 leta
972 1255 1203 1321 manet,
1246 1246 1426 1311 modo
1471 1251 1666 1313 vultus
1708 1252 1885 1314 sumit
1928 1253 2204 1327 acerbos,

564 1355 623 1409 et
666 1355 891 1413 tantum
935 1357 1216 1414 constans
1257 1352 1319 1414 in
1362 1352 1603 1416 levitate
1639 1362 1853 1418 manet.

352 1474 388 1528 4
433 1456 556 1529 Dat
595 1466 851 1532 Fortuna
892 1470 1146 1544 bonum,
1190 1468 1301 1533 sed
1341 1490 1463 1535 non
1507 1470 1770 1536 durabile
1815 1473 2066 1544 donum,

433 1571 720 1634 extollens
762 1589 1016 1652 pronum
1056 1574 1198 1636 facit
1240 1580 1303 1637 et
1342 1572 1419 1637 de
1460 1593 1604 1654 rege
1648 1575 1948 1638 colonum.

352 1699 387 1753 5
434 1678 603 1767 Quos
648 1691 769 1754 vult
812 1710 944 1755 sors
989 1693 1166 1767 ditat,
1212 1700 1271 1756 et
1316 1711 1468 1774 quos
1510 1693 1638 1758 vult
1679 1692 1790 1756 sub
1833 1690 1988 1773 pede
2033 1693 2205 1758 tritat.

354 1821 387 1875 o
434 1801 552 1890 Qui
594 1816 740 1894 petit
781 1812 895 1877 alta
940 1816 1114 1879 nimis
1133 1860 1151 1888 ,
1195 1820 1355 1876 retr‘o
1398 1815 1605 1898 lapsus
1647 1816 1887 1913 ponitur
1927 1813 2076 1874 imis.

1345 2107 1649 2182 LXXVII.

1370 2233 1472 2286 (toi.
1495 2233 1628 2284 ⁴812.)

883 2306 930 2358 1.

338 2385 388 2459 F
390 2403 604 2481 ortune
650 2394 862 2477 plango
910 2390 1150 2455 vulnera
1208 2410 1225 2453 τ
1523 2388 1809 2470 quicquid
1851 2390 2084 2455 ‘nmen’
2127 2390 2299 2456 florui

336 2496 975 2570 stillantibus‚,oeellis,
1520 2492 1658 2554 felix
1700 2500 1761 2555 et
1800 2494 2007 2556 beatus
2026 2541 2042 2568 ,

339 2596 504 2680 quod
545 2614 652 2660 sua
695 2595 838 2657 mihi
881 2610 1126 2657 munera
1523 2610 1683 2656 nuno
1727 2612 1761 2656 a
1805 2612 2039 2659 summo
2084 2599 2281 2660 corrui

341 2698 630 2761 subtrahit
674 2697 957 2769 rebellia}
988 2771 995 2778 .
1517 2694 1702 2774 gloria
1746 2699 2024 2777 privatus.

341 2817 550 2864 verum
595 2805 687 2861 est
730 2797 890 2879 quod
934 2799 1176 2879 legitur,
2057 2813 2107 2870 3.

340 2900 535 2963 fronte
580 2897 875 2986 capillata,
1000 2917 1009 2930 ·
1515 2887 1778 2985 Fortune
1823 2908 1952 2964 rota
1992 2902 2241 2966 volvitur
2257 2945 2277 2976 ‚

341 3001 451 3066 sed
493 2987 845 3084 plerumque
889 3004 1156 3083 sequitur
1516 3000 1819 3064 descendo
1864 3006 2222 3077 minoratus,

339 3104 600 3169 Oeeasio
644 3107 883 3174 calvata.
1082 3111 1093 3120 '
1515 3104 1665 3166 alter
1705 3105 1767 3165 in
1810 3105 1990 3168 altum
2032 3105 2252 3169 tollitur

796 3187 803 3196 ⁸
868 3215 922 3277 2,
946 3279 959 3296 ἐ
1513 3207 1688 3268 nimis
1737 3207 2054 3279 exaltatus;

334 3300 406 3375 ln
447 3312 704 3396 Fortune
740 3311 900 3380 solio
978 3355 993 3366 .
1060 3291 1079 3310 '
1513 3324 1620 3369 rex
1661 3306 1833 3369 sedet
1874 3309 1937 3370 in
1977 3309 2236 3383 vertice,

335 3412 611 3484 sederam
651 3395 841 3475 elatus
865 3456 883 3484 ,
1514 3415 1719 3472 eaveat
1745 3411 2021 3483 ruinam,

333 3516 739 3596 prosperitatis
783 3517 940 3580 vario
1510 3527 1651 3572 nam
1689 3512 1804 3586 sub
1848 3528 1956 3573 axe
1998 3512 2262 3596 legimus·

336 3615 481 3681 flore
526 3623 843 3681 coronatus
861 3659 880 3689 ,
1512 3610 1854 3675 ‘Hecubam’
1894 3615 2172 3694 reginam.

1327 3890 1634 3967 LXXXV.

1364 4021 1480 4075 (tol.
1504 4005 1607 4074 ⁸¹.)

877 4100 924 4151 1.

331 4170 643 4242 Exrnmrrt
683 4182 975 4261 primitivo
1509 4178 1640 4242 laus
1684 4181 1938 4262 exspirat
1980 4180 2251 4263 adoptivo

331 4279 631 4367 probitatis
674 4284 880 4346 fomite
902 4327 920 4355 ,
1510 4299 1727 4346 carens
1768 4283 1958 4347 laudis
2003 4287 2212 4380 eapite.
