3155 4946
1648 357 1773 430 130

1090 529 1140 584 2.

554 624 622 697 In
665 633 777 695 bac
819 653 929 719 pre
973 636 1189 697 ceteris
1730 633 2069 714 producitur
2111 641 2357 698 venuste

553 741 733 804 totius
777 739 973 819 operis
1731 736 1983 814 quadam
2025 741 2436 818 temperantia,

554 843 776 925 Nature
818 839 1021 902 lucent
1063 855 1272 919 opera;
1729 855 1841 899 nec
1884 841 2059 903 nimis
2102 842 2369 921 erigitur,

553 950 641 1007 tot
681 942 824 1005 nulli
867 957 1114 1002 munera
1729 958 1842 1000 nec
1884 942 2168 1020 premitur
2207 943 2439 1003 iniuste.

552 1045 768 1109 favoris
814 1042 1088 1114 contulit,
1727 1031 1936 1102 Allicit
1980 1040 2247 1103 dulcibus

550 1147 664 1210 sed
707 1147 908 1208 extulit
1726 1142 1919 1204 verbis
1973 1148 2032 1201 et
2076 1144 2323 1216 osculis,

550 1248 701 1309 hanc
742 1246 894 1309 ultra
938 1244 1199 1324 singula,
1724 1241 2009 1304 labellulis

551 1355 611 1410 et
655 1365 775 1431 que
817 1347 1095 1427 puellulis
1725 1345 2001 1421 castigate
2046 1345 2405 1407 tumentibus

549 1466 747 1511 amara
786 1447 1031 1527 singulis
1723 1461 1901 1505 roseo
1942 1451 2256 1507 nectareus

549 1550 705 1611 solet
744 1548 946 1628 partiri
990 1546 1248 1625 singula,
1724 1544 1875 1608 odor
1915 1548 2144 1609 infusus
2189 1551 2308 1621 ori:

547 1650 683 1713 buic
724 1648 930 1711 sedula
1722 1650 1937 1726 pariter
1979 1648 2282 1712 eburneus

399 1798 448 1825 .,
546 1748 816 1833 inpendit
858 1751 1155 1830 copiosius
1724 1749 1892 1812 sedet
1934 1749 2082 1812 ordo
2128 1749 2390 1813 dentium

547 1861 608 1916 et
649 1854 881 1934 plenius
1723 1870 1829 1934 par
1870 1852 2044 1915 niveo
2090 1852 2347 1914 candori.

546 1954 737 2038 forme
780 1951 1143 2015 munuscula.
2256 2000 2306 2053 5.

1085 2096 1133 2151 ³·
1720 2092 1966 2165 Certant
2007 2104 2160 2176 nivi,
2203 2105 2424 2164 micant
2465 2105 2599 2165 lene

545 2196 773 2288 Nature
817 2199 1011 2264 studio
1718 2213 1961 2285 pectus,
2007 2210 2305 2277 mentum,
2346 2204 2532 2277 colla,
2577 2224 2767 2291 genez

544 2307 720 2384 longe
763 2308 1064 2366 venustata
1718 2306 1827 2368 sed
1869 2324 1947 2367 ne
1991 2306 2251 2368 candore
2297 2306 2478 2367 nimio

542 2404 847 2469 contendit
887 2404 1006 2465 lilio
1718 2415 2031 2470 evanescat
2071 2410 2129 2469 in
2173 2408 2489 2488 pallorem,

540 2514 697 2589 rugis
741 2527 860 2571 non
907 2509 1156 2587 crispata
1714 2512 2070 2595 prpcastigat
2111 2511 2268 2573 hunc
2313 2509 2631 2572 candorem

537 2613 701 2674 frons
741 2613 949 2678 nivea3
1717 2614 1948 2675 ‘rosam’
1993 2617 2269 2675 maritans
2315 2614 2434 2674 lilio

539 2730 713 2774 arcus
758 2710 1069 2792 supercilia
1712 2713 2060 2794 prudentior
2103 2715 2351 2786 Natura,

537 2812 937 2875 discriminant
978 2811 1234 2891 gemelli.
1710 2822 1778 2876 ut
1819 2833 1891 2877 ex
1933 2815 2023 2876 his
2065 2815 2164 2876 fiat
2207 2817 2395 2896 aptior

537 2903 763 2978 Omnes
807 2915 1124 2976 amantium
1710 2925 1772 2978 et
1813 2919 2031 2996 gratior
2070 2919 2355 2978 iunctura.

531 3017 704 3078 trabit
741 3018 802 3078 in
846 3032 913 3078 se
955 3017 1118 3078 visus
1133 3057 1151 3085 ‚
2248 3067 2302 3120 6.

530 3116 798 3196 pandens
838 3112 1165 3177 remedium

529 3216 847 3282 verecundi
887 3218 1044 3278 risus
1059 3262 1078 3288 ,

531 3316 764 3382 lascivia
808 3318 1094 3399 simplicis

529 3420 759 3490 siderea
804 3422 939 3483 luce
982 3423 1203 3483 micant
1246 3422 1441 3482 ocelli.

1706 3159 1885 3248 Rapit
1928 3169 2068 3229 mihi
2113 3175 2344 3241 nectar,

1710 3273 1819 3332 diis
1861 3270 2156 3349 privilegia

1711 3372 1843 3434 data
1887 3371 2058 3433 donis

1707 3480 1768 3535 et
1811 3475 2124 3552 gratiarum
2172 3472 2465 3545 flosculis3

1062 3569 1112 3622 ⁴·
1705 3591 1839 3636 nam
1881 3575 2100 3636 Natura
2144 3574 2421 3638 dulcioris

524 3663 625 3734 Ab
668 3677 975 3755 utriusque
1018 3675 1256 3748 luminis
1622 3698 1635 3708 ·
1704 3678 1974 3738 alimenta
2020 3677 2164 3739 dans
2210 3680 2459 3749 erroris,

524 3775 778 3837 confinio
1702 3777 1840 3838 dum
1883 3779 1943 3837 in
1989 3784 2294 3857 stuporem
2339 3777 2569 3858 populis

524 3875 810 3939 moderati
854 3877 1168 3940 libraminis
1698 3879 1849 3938 hanc
1893 3880 2168 3938 omnibus
2214 3877 2499 3951 ostendit,

518 3976 736 4039 indicio
1692 3983 1752 4040 in
1796 3981 1915 4041 risu
1958 3980 2180 4041 blando
2226 3983 2372 4041 retia

519 4078 677 4138 naris
722 4078 1030 4140 eminentia
1691 4099 1947 4144 venerea
1989 4081 2259 4142 tetendit.
