3155 4946
1627 302 1756 371 250

720 479 872 541 Cum
927 495 1064 541 aero
1122 482 1286 540 esset
1341 494 1460 539 una
1517 494 1664 557 gene
1710 477 2008 551 lusorum,
2069 480 2231 542 venit
2272 477 2493 540 Decius
2534 480 2596 540 in
2641 475 2839 540 medio

719 598 925 642 eorum
970 588 1031 641 et
1075 579 1251 642 dixit:
1296 579 1476 641 Fraus
1518 581 1714 649 vobis,
1761 580 1943 642 nolite
1987 598 2225 644 cessare
2269 580 2494 643 ludere.
2577 577 2691 641 Pro
2735 577 2840 640 do·

726 687 849 746 lore
910 686 1069 746 enim
1112 690 1310 746 vestro
1368 684 1586 744 missus
1631 702 1767 745 sum
1813 683 1887 745 ad
1930 701 2054 745 vos.
2142 681 2424 744 Primae
2469 687 2698 752 autem,
2742 681 2845 759 qui

719 786 932 849 dicitur
973 785 1460 859 vilissimus,
1506 804 1622 848 non
1653 795 1777 848 erat
1811 805 1946 848 cum
1978 789 2099 859 eis,
2143 784 2377 867 quando
2414 786 2576 848 venit
2601 782 2840 844 Decius.

718 887 1005 951 Dixerunt
1049 899 1247 952 autem
1291 890 1389 951 alii
1416 888 1730 969 discipuli:
1776 889 2046 952 Vidimus
2073 890 2343 952 Decium.
2410 885 2525 961 Qui
2556 885 2699 947 dixit
2722 886 2842 947 eie:

719 989 847 1051 Nisi
890 992 1121 1054 mittam
1163 1009 1232 1053 os
1276 1008 1477 1053 meum
1518 993 1580 1053 in
1636 992 1835 1054 locum
1877 992 2257 1072 peccarii,
2323 996 2390 1051 ut
2439 990 2669 1060 bibam,
2725 1004 2847 1049 non

719 1091 975 1153 credam.
1067 1091 1361 1155 Primae
1405 1100 1644 1165 autem,
1689 1096 1791 1175 qui
1833 1093 2047 1158 dicitur
2073 1094 2555 1165 vilissimus,
2598 1089 2848 1153 iactabat

718 1194 957 1269 decem,
1002 1195 1153 1256 alius
1195 1192 1544 1268 duodecim,
1589 1197 1799 1257 tertius
1841 1213 1983 1258 vero
2013 1200 2296 1277 quinque.
2354 1195 2426 1257 Et
2457 1195 2559 1274 qui
2588 1194 2848 1272 quinque

721 1295 1082 1374 proiecerat,
1136 1293 1402 1357 exhausit
1454 1296 1724 1369 bursam,
1779 1305 1842 1359 et
1883 1298 2076 1360 nudus
2119 1299 2191 1360 ab
2236 1298 2363 1359 aliis
2405 1315 2475 1360 se
2519 1294 2844 1359 abscondit.

613 1399 726 1459 oF.
772 1387 1065 1461 Loculum
1105 1397 1390 1460 humilem
1432 1399 1661 1461 salvum
1702 1400 1919 1471 facies,
1962 1400 2181 1473 Decie,
2226 1406 2289 1462 et
2319 1400 2538 1485 genios
2580 1401 2849 1462 lusorum

1156 1515 1330 1572 erue,
1372 1498 1577 1562 Decie.

772 1600 1090 1662 Humiliate
1134 1618 1238 1663 voe
1282 1603 1441 1665 avari
1484 1600 1558 1664 ad
1602 1601 2097 1665 maledictionem.

773 1698 1087 1765 ornemus.

551 1837 607 1891 5.
655 1831 883 1892 Oratio·

648 1921 904 2003 Effunde
948 1931 1187 1995 domine
1229 1935 1381 1997 iram
1422 1939 1588 1996 tuam
1629 1951 1812 2015 super
1853 1952 2062 1997 avaros
2107 1942 2169 1995 et
2210 1941 2452 1996 tenaces
2470 1979 2488 2007 ,
2547 1935 2651 2014 qui
2692 1934 2850 1996 iuxta

715 2032 917 2097 culum
957 2035 1154 2099 ferunt
1181 2037 1519 2110 sacculum,
1563 2043 1790 2098 etcum
1820 2035 2128 2121 habuerint
2172 2036 2509 2109 denarium,
2554 2041 2853 2116 reponunt

714 2154 857 2199 eum
908 2138 1233 2212 inclusum,
1291 2139 1483 2203 donec
1538 2144 1803 2201 vertatur
1858 2140 1923 2199 in
1983 2147 2402 2217 augmentum,
2446 2144 2509 2199 et
2554 2138 2846 2218 germinet

718 2244 978 2301 centum.

647 2346 886 2421 Pereat.

647 2449 766 2524 Hic
808 2467 903 2523 est
946 2460 1127 2525 frater
1169 2462 1502 2542 pravitatis,
1546 2462 1698 2526 filius
1740 2462 2098 2543 iniquitatis,
2142 2459 2325 2523 fixura
2357 2462 2617 2535 scamni,
2665 2479 2851 2540 genus

718 2564 1076 2636 nescitandi,
1122 2565 1337 2626 visinat
1379 2582 1579 2627 amare
1597 2612 1614 2639 ,
1658 2564 1894 2645 quando
1938 2567 2111 2627 timet
2152 2580 2462 2626 nummum
2504 2562 2665 2624 dare.

647 2672 884 2743 Pereat.

650 2774 827 2862 Quod
880 2784 982 2845 ille
1041 2785 1129 2846 eie
1199 2786 1677 2854 maledictionem
1735 2792 2005 2873 prestare
2080 2786 2382 2868 dignetur,
2457 2786 2559 2866 qui
2617 2785 2855 2868 zacheo

713 2886 1190 2951 benedictionem
1235 2890 1471 2963 tribuit,
1522 2898 1583 2952 et
1627 2890 1795 2953 diviti
1838 2907 2011 2953 avaro
2056 2896 2280 2970 guttam
2323 2905 2479 2974 aque
2519 2887 2850 2968 denegavit.

715 2988 926 3051 Amen.
999 2979 1083 3051 Et
1122 2989 1459 3054 maledictio
1503 2992 1601 3054 dei
1644 2996 1827 3073 patris
1890 2993 2309 3072 omnipotentis
2369 2988 2696 3053 descendat
2753 3008 2850 3049 su·

718 3109 829 3171 per
870 3109 997 3153 eos.

654 3194 771 3255 00.
858 3190 1220 3257 Mirabantur
1261 3214 1471 3259 omnes
1514 3200 1671 3260 inter
1714 3216 1812 3269 se,
1857 3196 2018 3275 quod
2059 3196 2279 3257 Decius
2325 3195 2687 3258 abstraxerat
2730 3195 2853 3255 cui-

713 3295 858 3357 libet
897 3304 1114 3359 vestes.
1141 3298 1181 3338 ¹*
1534 3316 1539 3320 ·

1480 3439 1950 3466 -“-“--“““““““ι

1623 3514 1787 3588 190.

1559 3626 1675 3679 (τοι.
1698 3627 1748 3670 92
1775 3627 1851 3678 b.)

1090 3708 1138 3762 1.

551 3785 764 3855 vas
805 3795 920 3855 hoc
964 3794 1189 3878 letitie,
1729 3799 1788 3853 et
1834 3792 2049 3854 affectu
2093 3792 2386 3870 pectoris,

551 3898 680 3960 dies
722 3897 912 3958 festus
954 3896 1164 3958 hodie:
1730 3902 1793 3956 et
1836 3902 1961 3956 toto
2006 3901 2180 3972 gestu
2224 3895 2521 3973 corporis,

550 4016 759 4062 omnes
805 3999 1021 4061 debent
1067 3999 1321 4079 psallere
1339 4044 1357 4071 ,
1730 4004 1798 4065 et
1836 3996 2099 4058 scolares
2143 3996 2431 4066 maxime,

550 4107 614 4162 et
654 4101 978 4163 cantilenas
1022 4119 1293 4181 promere
1313 4148 1332 4175 ,
1731 4102 1834 4180 qui
1875 4100 2029 4161 testa
2073 4098 2274 4160 colunt
2317 4099 2558 4176 optime.

684 4263 722 4302 ¹*
788 4264 1119 4331 Antipho-am
1151 4265 1267 4318 vide
1306 4263 1440 4316 iufra
1472 4261 1595 4316 Nro.
1619 4261 1749 4336 ιι196.
