3155 4946
1447 338 1532 409 45

441 515 656 591 Nullus
702 530 760 590 ei
804 547 1010 602 carus,
1053 530 1170 592 nisi
1213 531 1317 610 qui
1358 529 1488 592 fore
1536 533 1730 594 nescit
1771 549 2000 597 avarus.

443 637 569 708 Sed
614 650 756 728 quia
799 649 1115 714 ‘confundi’
1159 652 1377 733 poterit
1419 652 1536 712 cito
1580 650 1766 731 gloria
1811 649 2086 721 ‘mundi’,

344 757 419 810 38
446 767 515 811 ex
555 750 668 812 hac
716 768 854 813 esse
897 752 1058 815 scola
1103 772 1224 815 non
1269 753 1391 817 vult
1432 753 1719 831 sapientia
1764 751 1910 815 sola.

900 999 1157 1072 LXXIV
1189 1018 1249 1072 a.
1333 992 1631 1089 [Confer
1681 999 1874 1085 infra,
1919 991 2077 1089 74]

1361 1125 1459 1178 (fol.
1486 1127 1539 1170 47
1552 1126 1622 1176 b.)

2025 1136 2233 1192 Versus.

539 1222 752 1295 Iuvmus
792 1233 1001 1296 invidia
1047 1234 1391 1297 conburitur
1429 1235 1592 1296 intus
1637 1239 1697 1294 et
1739 1222 1917 1299 extra.

538 1341 776 1413 Invidus
821 1349 1056 1414 alterius
1101 1354 1278 1414 rebus
1324 1352 1641 1414 macrescit
1683 1354 1916 1433 opimis.

539 1462 760 1535 Invidia
802 1475 972 1536 siculi
1015 1493 1135 1537 non
1178 1475 1461 1537 invenere
1505 1474 1740 1551 tyranni

539 1578 724 1637 maius
769 1583 1144 1639 tormentum.
1232 1576 1349 1651 Qui
1392 1595 1511 1639 non
1556 1574 1958 1639 moderabitur
1997 1575 2117 1659 ire,

462 1683 495 1734 5
543 1675 825 1755 iniectum
871 1679 1029 1741 volet
1072 1696 1239 1752 esse,
1285 1677 1455 1740 dolor
1498 1676 1658 1757 quod
1704 1684 1972 1740 suaserat
2014 1684 2114 1740 aut
2153 1695 2343 1740 mens.

536 1784 865 1858 Invidiosus
909 1814 1053 1877 ego;
1099 1815 1217 1858 non
1261 1795 1494 1857 invidus
1538 1814 1677 1857 esse
1719 1796 1941 1859 laboro.

536 1902 751 1976 Iustius
794 1913 1004 1978 invidia
1047 1914 1192 1977 nihil
1234 1919 1360 1986 est,
1408 1930 1528 1996 que
1572 1913 1842 1993 protinus
1886 1914 2048 1993 ipsos

533 2018 771 2096 corripit
816 2024 1088 2078 auctores
1134 2017 1547 2094 excruciatque
1594 2030 1757 2109 sm.

452 2143 487 2194 9
533 2122 814 2194 Invidiam
859 2137 1041 2195 nimio
1087 2135 1245 2196 cultu
1290 2136 1468 2197 vitare
1512 2114 1832 2196 memento.

1362 2344 1612 2415 LXXV.

1351 2469 1455 2520 (iol.
1480 2469 1532 2514 47
1542 2469 1615 2521 b.)

241 2655 251 2665 ‘
325 2633 380 2706 Ο
423 2661 619 2708 namn
658 2558 1256 2727 tortung‘lubricum

324 2745 472 2808 dans
520 2744 759 2806 dubium
803 2745 1051 2806 tribunal
1097 2743 1454 2815 ‘iudicium’,

1506 2634 1788 2707 Sub'sidio
1827 2555 2284 2729 ‘omasum'

1506 2765 1615 2809 cur
1657 2748 1848 2832 prelio
1892 2745 2081 2808 ‘Troia
2123 2748 2236 2808 iam
2271 2748 2507 2810 vnobilis’

325 2863 445 2908 non
458 2845 756 2908 modicum
771 2865 981 2927 parans
995 2847 1451 2931 huicpremium,
1501 2867 1661 2912 nunc
1706 2848 1917 2910 flebilis
1961 2847 2149 2910 ‘iacet’
2193 2847 2521 2910 incendio?

327 2966 504 3028 quem
550 2948 752 3010 colere
798 2955 895 3009 tua
938 2949 1059 3012 vult
1100 2951 1319 3029 gratia,

323 3057 386 3112 et
426 3057 634 3129 petere
676 3056 807 3134 rote
851 3037 1153 3121 sublimia,
1272 3074 1276 3078 ⁴

321 3149 470 3213 dans
515 3152 688 3214 dubia
730 3151 1006 3226 tandem,
1051 3161 1402 3234 prepostere

320 3251 398 3315 de
441 3260 706 3315 stercore
750 3270 1075 3335 pauperem
1116 3256 1382 3333 erigens,

320 3353 398 3416 de
439 3354 678 3418 rhetore
720 3356 1031 3417 consulem
1075 3355 1318 3435 eligens.

858 3473 907 3527 2.

318 3549 569 3642 Ediflcat
610 3557 874 3631 fortuna,
919 3558 1125 3630 diruit,

317 3659 751 3724 nunc-:abdicat
794 3676 947 3739 quos
989 3661 1154 3740 prius
1197 3657 1418 3732 coluit,

317 3780 471 3843 qnos
515 3762 704 3824 noluit
743 3761 958 3823 iterum
999 3756 1282 3823 ‘vindicat'

290 3861 432 3948 ‘bec
476 3871 658 3943 opera
699 3860 809 3923 sibi
852 3864 1176 3954 contraria,

317 3964 464 4028 dans
508 3980 753 4027 munera
793 3967 968 4026 nimis
1008 3964 1232 4036 labilia;

316 4064 552 4127 mobilia
593 4070 731 4127 sunt
772 4068 947 4129 sortis
989 4064 1223 4152 federa,

315 4183 437 4252 que
478 4167 708 4230 nobiles
749 4183 1028 4249 premens
1072 4166 1363 4242 debilitat,

315 4274 377 4331 et
417 4267 646 4332 debiles
684 4268 883 4332 ditans
923 4268 1202 4332 nobilitat.

1501 2949 1686 3024 ‘Quis'
1718 2951 2018 3031 sanguinis
2048 2949 2297 3012 Romani
2324 2952 2632 3029 ‘gratiam’,

1500 3054 1632 3132 quis
1676 3055 1931 3115 nominis
1973 3051 2150 3136 Greci
2191 3051 2579 3128 ‘facundiam’,

1499 3155 1629 3233 quis
1671 3154 1915 3233 gloriam
1958 3153 2129 3233 fregit
2169 3150 2545 3234 Kartaginis?

1500 3255 1648 3315 Sors
1688 3254 1913 3316 lubrica
1958 3272 2081 3339 que
2125 3254 2290 3317 dedit
2332 3257 2600 3331 abstulit,

1495 3356 1614 3442 bec
1659 3358 1830 3418 unica
1873 3374 1994 3441 que
2035 3357 2175 3420 fovit
2215 3343 2503 3436 perculit*

2033 3473 2084 3527 4.

1499 3547 1659 3636 Quid
1701 3558 1878 3621 Dario
1918 3550 2201 3640 regnasse
2244 3559 2507 3641 profuit?

1496 3661 1783 3741 Pompeio
1826 3660 1965 3741 quid
2009 3657 2195 3724 Roma
2237 3661 2479 3725 tribuit?

1498 3764 1817 3825 Succubuit-
1858 3768 2107 3843 nterque
2149 3762 2363 3843 gladio.

1495 3865 1727 3944 Eligere
1770 3863 1967 3926 media
2010 3866 2231 3936 tutius,

1496 3984 1674 4048 quam
1713 3972 1919 4047 petere
1963 3972 2095 4050 rote
2136 3965 2441 4032 sublimius
2457 4012 2477 4041 ,

1497 4074 1560 4129 et
1603 4069 1833 4147 gravius
1877 4084 1911 4128 a
1955 4083 2191 4128 summo
2231 4085 2424 4131 ruere.

1496 4168 1707 4230 Omnis
1752 4170 1853 4249 qui
1896 4186 1964 4231 se
2009 4168 2221 4231 exaltat
2259 4168 2463 4245 bodie,
2529 4187 2533 4191 ·

1497 4287 1631 4332 cras
1672 4269 2067 4334 humiliabitur
2106 4273 2344 4334 misere.
