3155 4946
812 537 892 587 12.

283 629 490 702 Meum
533 645 629 702 oct
671 640 1037 721 propositum

279 743 345 802 in
388 741 632 802 taberna
672 742 823 803 mori
837 787 854 813 ,

280 843 382 905 ubi
424 846 561 905 vina
603 845 862 923 proxima

283 948 593 1008 morientis
634 949 755 1017 ori;

281 1055 425 1110 tunc
470 1048 744 1111 catabunt
784 1047 958 1131 letius

279 1148 625 1228 angelorum
669 1150 869 1212 chori:

279 1249 487 1320 „Deua
531 1251 608 1314 sit
644 1252 929 1331 propitius

271 1350 371 1413 isti
411 1353 727 1432 potatori.“

802 1519 882 1572 13.

268 1612 515 1686 Poculis
557 1620 902 1684 accenditur

270 1726 452 1786 animi
491 1725 734 1786 lucerna
754 1767 773 1795 ,

271 1843 379 1887 cor
418 1824 684 1887 inbutum
726 1831 969 1886 nectare

267 1927 426 1988 volat
466 1925 541 1988 ad
585 1942 872 2006 superna

265 2026 407 2088 mibi
449 2028 602 2107 sapit
643 2027 873 2090 dulcius

262 2130 466 2190 vinum
507 2128 585 2190 de
624 2128 861 2190 taberna
875 2174 893 2201 ,

164 2312 167 2315 ,
263 2247 441 2310 quam
484 2228 644 2310 quod
686 2246 836 2310 aqua
879 2230 1114 2291 miscuit

260 2330 518 2415 presulis
558 2332 853 2412 pincerna.

789 2498 867 2551 14.

257 2592 425 2665 Loca
468 2604 651 2664 vitant
689 2601 921 2681 publica

258 2702 498 2783 quidam
539 2708 846 2783 poetarum
864 2749 880 2773 ,

257 2810 319 2865 et
359 2809 631 2865 secretas
672 2802 897 2882 eligunt

260 2901 439 2966 cedes
481 2903 835 2966 latebrarum
848 2948 866 2978 ,

254 3003 496 3092 student
512 3051 530 3077 ,
574 3006 826 3076 instant,
868 3006 1130 3085 vigilant,

252 3125 370 3172 nec
411 3108 681 3171 laborant
722 3125 958 3190 parum,

252 3217 315 3271 et
354 3210 446 3272 vix
485 3208 627 3271 inde
669 3206 922 3270 reddere

248 3316 505 3391 possunt
546 3326 696 3388 opus
744 3309 985 3379 clarum.

784 3476 862 3527 15.

249 3572 520 3644 leiunant
562 3587 624 3641 et
663 3579 953 3642 abstinent

251 3690 558 3764 poetarum
602 3681 766 3744 chori
782 3725 800 3751 ‚
898 3711 900 3715 >

251 3786 431 3846 vitant
471 3785 623 3846 rixas
664 3782 928 3863 publicas

252 3892 314 3946 et
352 3884 638 3947 tumultus
680 3881 793 3945 fori
806 3928 824 3954 ,

251 3993 343 4059 et,
386 3993 456 4047 ut
494 4002 648 4065 opus
688 3983 906 4046 faciant

252 4083 415 4165 quod
454 4103 577 4147 non
620 4086 811 4164 possit
851 4088 1001 4149 mori
1020 4132 1035 4157 ‚
1166 4109 1171 4112 ·

252 4189 584 4249 moriuntur
625 4184 821 4248 studio

251 4287 466 4351 subdiu
507 4287 708 4350 labori.

1410 369 1496 436 69

2000 546 2080 597 16.

1469 637 1647 709 Talea
1694 665 1901 711 versus
1943 649 2096 710 facio
2111 694 2128 720 ,

1467 747 1641 829 quale
1686 747 1887 810 vinum
1928 749 2092 820 bibo;

1465 849 1607 911 nihil
1650 866 1900 928 possum
1943 848 2138 910 facere
2155 894 2171 920 ‚

1466 952 1582 1012 nisi
1622 958 1860 1031 sumpto
1905 950 2070 1021 cibo;

1465 1052 1607 1113 nihil
1649 1052 1846 1115 valent
1885 1052 2120 1130 penitus

1465 1170 1586 1238 que
1628 1155 1859 1223 ieiunus
1903 1151 2125 1222 scribo,

1461 1256 1764 1318 Nasonem
1808 1259 1946 1332 post
1987 1253 2231 1317 calicem

1461 1358 1723 1418 carmine
1766 1354 1991 1439 preibo.

1987 1525 2069 1576 17.

1456 1617 1599 1687 Mihi
1643 1641 1944 1705 nunquam
1988 1627 2230 1706 spiritua

1450 1730 1682 1812 poetrie
1726 1728 1897 1790 datur
1912 1774 1929 1800 ,

1448 1831 1563 1891 nisi
1605 1832 1768 1910 prius
1810 1831 1988 1893 tuerit

1448 1938 1656 1993 venter
1693 1933 1848 1994 bene
1893 1938 2085 2003 satur3

1448 2048 1588 2094 cum
1629 2035 1690 2094 in
1735 2049 1871 2095 arce
1914 2034 2141 2095 cerebri

1445 2132 1675 2195 Bacbus
1720 2133 2077 2207 dominatur,

1446 2237 1508 2295 in
1549 2253 1648 2297 me
1693 2235 1926 2320 Phebua
1968 2237 2162 2310 irruit,

1447 2341 1509 2398 et
1552 2336 1815 2399 miranda
1858 2336 2027 2399 fatur.

1981 2506 2060 2557 18.

1442 2597 1774 2690 Unicuique
1816 2609 2115 2688 proprium

1440 2710 1543 2772 dat
1585 2717 1789 2773 natura
1828 2726 2074 2771 munus:

1443 2827 1555 2889 ego
1601 2826 1904 2890 nunquam
1947 2812 2110 2889 potui

1439 2912 1705 2974 scribere
1744 2912 1976 2973 ieiunus
1992 2955 2010 2982 ‚

1438 3031 1537 3075 me
1577 3015 1845 3075 ieiunum
1887 3012 2125 3075 vincere

1438 3119 1649 3195 posset
1689 3129 1842 3192 puer
1886 3129 2076 3184 unum

1437 3215 1596 3274 sitim
1642 3217 1704 3274 et
1742 3213 2027 3275 ieiunium

1440 3314 1539 3376 odi
1583 3320 1879 3393 tamquam
1923 3312 2117 3376 funus.
2247 3387 2252 3394 ‚

1962 3476 2041 3534 19.

1360 3650 1365 3655 ,
1435 3573 1769 3664 Unicuique
1811 3583 2114 3662 proprium

1434 3684 1533 3747 dat
1575 3689 1781 3746 natura
1826 3680 2088 3752 donum;

1434 3803 1546 3866 ego
1592 3801 1798 3848 versus
1841 3783 2063 3845 iaciens

1430 3885 1568 3946 bibo
1614 3885 1812 3945 vinum
1853 3882 2075 3944 bonum

1434 3993 1496 4047 et
1537 3983 1700 4064 quod
1744 3983 1961 4046 habent
2002 3986 2206 4063 purius

1435 4084 1593 4148 dolia
1635 4101 2007 4163 cauponum3

1432 4186 1550 4247 tale
1595 4186 1799 4267 vinum-
1836 4191 2082 4265 generat

1434 4288 1666 4367 copiam
1710 4302 2068 4347 sermonum.
