3155 4946
1488 301 1570 372 35

376 478 439 537 et
480 474 681 556 paleas
728 475 802 538 de
847 495 986 539 area
1560 493 1739 558 supra
1782 484 2054 550 montes,
2094 475 2548 540 Alexander

372 586 692 642 ventantur
734 579 890 642 foras
934 578 1162 642 horrea.
1565 585 1894 658 quartus
1949 596 2123 659 sagax
2166 585 2227 641 et
2267 577 2456 640 fidelis
2503 576 2689 640 archi·

370 678 504 742 Hoo
552 680 739 744 decus
782 679 1107 765 concordie
1969 688 2212 743 venator
2253 681 2619 759 illaqueavit,

369 790 550 846 eanat
592 802 705 846 vox
746 783 1035 867 ecclesie,
1563 781 1799 862 vulpes,
1860 797 1978 865 que
2024 781 2417 844 demoliuntur
2461 782 2693 853 vineas,

368 884 492 971 heo
537 905 693 950 nova
734 886 984 967 tripudia
1976 885 2303 964 eaptitavit,

367 990 645 1070 requirat
689 993 848 1052 easta
890 986 1033 1049 Sion
1076 987 1208 1050 filia.
1522 1043 1527 1047 .
1566 997 1823 1065 anguem
1865 987 2105 1058 stravit,
2159 986 2258 1065 qui
2302 982 2702 1046 disseminavit
2754 1046 2757 1049 ,

930 1105 981 1158 ε,
1569 1085 1859 1148 discolum
1904 1089 2081 1159 virus,
2125 1087 2283 1167 quod
2328 1085 2675 1166 infrigidavit

371 1183 675 1257 Passeres
734 1192 900 1264 illos,
963 1191 1064 1271 qui
1105 1191 1521 1270 transmigrant
1565 1188 1889 1269 igniculum
1932 1188 2101 1264 fidei,
2148 1190 2367 1270 quique
2412 1190 2655 1272 cecavit.

1449 1613 1644 1690 XXX.

1437 1759 1546 1812 (tol.
1574 1759 1671 1811 18.)

1536 1897 1583 1951 1.

816 1995 973 2068 Om
1032 2022 1218 2086 genus
1290 2000 1705 2089 demoniorum

815 2124 1136 2192 cecorum,
1180 2106 1524 2170 claudorum
1567 2107 1690 2168 sive
1735 2102 2149 2175 confusorum,

817 2207 1115 2270 adtendite
1155 2211 1385 2271 iussum
1430 2217 1701 2270 meorum

819 2317 880 2372 et
920 2311 1293 2371 vocationem
1336 2310 1665 2375 verborum.

1536 2461 1592 2515 2.

822 2555 1030 2627 Omnis
1075 2571 1339 2629 ereatura
1380 2564 1851 2646 phantasmatum
1973 2583 1996 2608 *-

821 2686 942 2752 que
989 2668 1375 2730 corroboratis
1420 2669 1814 2748 principatum

825 2769 1116 2850 serpentis
1157 2769 1445 2841 tortuosi,
1506 2772 1820 2843 venenosi,

825 2872 925 2950 qui
969 2870 1171 2932 ‘traxit’
1213 2888 1323 2950 per
1363 2872 1697 2950 superbiam
1742 2873 2041 2936 stellarum
2086 2879 2312 2951 partem
2354 2874 2582 2936 tertiam
2598 2918 2617 2946 ,

827 2970 1063 3034 Gordan
1104 2971 1379 3053 tngordin
1423 2980 1486 3035 et
1525 2972 1814 3052 lngordan
1833 3021 1849 3047 ,

819 3091 930 3153 per
969 3074 1220 3155 sigillum
1243 3075 1600 3154 *Salomonis
1643 3085 1704 3139 et
1745 3094 1855 3157 per
1896 3095 2105 3157 magos
2145 3075 2462 3139 Pharaonis

750 3225 754 3228 .
825 3192 1034 3239 omnes
1078 3195 1185 3240 vos
1230 3178 1508 3251 eonium,
1553 3196 1763 3241 omnes
1801 3161 2073 3241 exorcizo

818 3297 928 3358 per
970 3287 1092 3341 tres
1135 3297 1338 3359 magos
1385 3279 1637 3360 Caspar,
1681 3279 1972 3343 Melchior
2014 3288 2077 3344 et
2115 3275 2448 3355 Balthasar,

817 3398 927 3459 per
969 3399 1170 3461 regem
1212 3381 1430 3457 David,
1477 3384 1577 3464 qui
1622 3384 1764 3446 Saul
1807 3380 2065 3456 sedavit,

824 3496 958 3542 cum
1001 3483 1259 3545 iubilavit
1299 3501 1529 3565 vosque
1571 3483 1809 3565 fugavit.

1536 3635 1586 3689 3.

822 3722 950 3797 Vos
994 3731 1239 3800 attestor
1256 3783 1273 3811 ,
1327 3756 1437 3800 vos
1481 3744 1787 3802 contestor

819 3853 930 3915 per
970 3837 1307 3901 mandatum
1352 3838 1609 3913 domini,

820 3956 898 3999 ne
947 3941 1153 4003 celetis
1200 3959 1377 4022 quem
1419 3942 1627 4004 soletis

820 4058 927 4103 vos
973 4059 1180 4104 vexare
1204 4027 1563 4118 “hominem,

670 4168 695 4196 a»
816 4147 884 4205 ut
925 4147 1316 4224 compareatis
1359 4154 1420 4209 et
1462 4152 1601 4226 post
1645 4147 1991 4223 discedam,

819 4249 881 4305 et
924 4262 1062 4309 eum
1107 4247 1432 4328 desperatis
1475 4251 1656 4313 chaos
1698 4250 1988 4315 incolatis.
