3155 4946
904 517 986 570 30.

382 609 520 683 Nou
566 628 658 683 est
702 620 850 683 adeo
894 620 1089 683 fatuus

384 730 483 785 aut
526 723 764 784 omnino
810 740 1052 806 cecus„

261 836 275 849 ‘
382 827 478 887 cui
520 844 640 887 non
686 833 964 904 appareat

380 928 630 990 militare
674 928 877 990 decus.

382 1030 546 1093 Tuus
592 1038 686 1093 est
728 1032 787 1092 in
831 1032 986 1101 otio,

339 1150 348 1159 ·
381 1136 549 1211 quasi
590 1134 828 1195 brutum
871 1149 1086 1212 pecus3

380 1253 581 1297 meum
625 1237 770 1314 tegit
814 1233 1012 1314 galea,

376 1356 579 1422 meum
620 1343 817 1418 portat
861 1352 1069 1415 equus·

899 1507 981 1559 31.

374 1598 548 1671 Meus
594 1611 771 1672 armis
815 1608 1061 1687 dIssipat
1121 1649 1123 1652 >

375 1711 641 1771 inimicas
686 1710 833 1794 edes
849 1758 865 1783 ‚
1127 1798 1130 1799 ⁷

376 1818 439 1872 et
480 1813 533 1872 si
574 1810 727 1874 forte
772 1813 1022 1898 prelium

375 1911 540 1974 solus
582 1915 759 1975 intrat
802 1915 986 1992 pedes
1003 1963 1020 1990 ,

373 2012 516 2075 dum
557 2021 724 2077 tenet
763 2016 1156 2096 bucephalum

374 2134 518 2178 suus
564 2117 963 2199 GanymedeS,

373 2215 472 2279 ille
516 2236 612 2279 me
658 2229 1078 2283 commemorat

372 2318 526 2380 inter
567 2322 727 2399 ipsas
773 2321 974 2406 cedes.

889 2491 975 2545 32.

368 2577 552 2654 Redit
594 2592 742 2654 fusis
786 2593 1052 2660 hostibus

370 2701 432 2754 et
472 2711 667 2774 pugna
710 2696 1011 2772 confecta,

370 2801 431 2857 et
471 2813 568 2856 me
615 2814 761 2880 sepe
805 2803 1041 2880 respicit

371 2897 536 2974 galea
581 2901 816 2963 reiecta.

368 2999 453 3060 Ex
494 3000 585 3062 his
632 3010 691 3063 et
733 3021 802 3065 ex
846 3005 972 3067 aliis

366 3104 591 3165 ratione
636 3112 795 3167 recta
808 3153 824 3179 ,

364 3210 457 3264 est
495 3206 614 3267 vita
656 3209 861 3292 militie

363 3306 540 3367 ‘mihi’
584 3309 903 3393 preelecta.

880 3467 963 3525 33.

379 3553 578 3628 Novit’
621 3569 769 3630 iram
809 3570 1090 3651 Phyllidis

357 3674 418 3728 et
460 3655 669 3747 pectus
713 3672 1016 3748 anhelum,

357 3776 417 3831 et
461 3773 704 3833 remittit
747 3773 1051 3854 multiplex

352 3866 437 3931 illi
480 3871 651 3934 Flora
695 3875 898 3938 telum.

352 3971 620 4047 Frustra,
667 3976 837 4050 dixit,
882 3978 1144 4059 loqueris

353 4092 421 4134 os
464 4093 695 4153 ponens
740 4081 799 4139 in
845 4081 1073 4164 celum,

352 4181 412 4235 et
456 4176 563 4254 per
605 4196 774 4242 acum
819 4184 1024 4245 niteris

349 4275 531 4357 figere
576 4282 884 4345 camelum.

1475 344 1600 415 159

2078 520 2163 574 34.

1558 612 1679 685 Mel
1722 644 1830 705 pro
1874 624 2013 686 felle
2059 625 2286 687 deseris

1559 732 1622 788 et
1664 745 1773 807 pro
1816 725 1965 790 falso
2007 745 2215 790 verum
2230 773 2246 798 ,

1559 828 1888 908 approbans
1932 829 2195 891 militiam

1558 929 1924 1010 reprobando
1968 930 2209 992 clerum.

1554 1031 1716 1092 Facit
1759 1049 1924 1094 amor
1965 1032 2212 1096 militem

1556 1140 1867 1196 strenuum
1910 1140 2011 1196 aut
2051 1133 2289 1197 fel-mn?

1555 1233 1716 1306 Non,
1759 1238 1940 1298 immo
1983 1238 2296 1316 pauperies

1557 1345 1619 1399 et
1661 1336 1930 1400 defectus
1972 1347 2187 1402 rerum.

2072 1505 2155 1560 35.

1556 1592 1793 1670 ‘Multis’
1839 1615 1932 1670 est
1975 1609 2272 1673 calamitas

1553 1712 1752 1773 militis
1798 1714 2007 1775 attrita.

1552 1812 1698 1875 Sors
1738 1813 1895 1876 illius
1939 1814 2084 1877 dura
2128 1824 2220 1879 est

1553 1924 1616 1977 et
1655 1920 1716 1978 in
1761 1924 1920 1980 arcto
1967 1921 2109 1991 sita,

1551 2021 1719 2080 euius
1763 2027 1856 2082 est
1897 2022 1959 2081 in
2000 2021 2257 2101 pendulo

1551 2119 1846 2199 dubioque
1887 2123 2005 2184 vita
2024 2168 2040 2193 ‚

1548 2228 1616 2283 ut
1657 2222 1872 2285 babere
1916 2224 2105 2286 valeat

1546 2326 1668 2409 vite
1714 2327 2008 2406 requisita.

2070 2498 2154 2555 36.

1545 2588 1801 2663 Pulchra
1843 2601 2060 2683 Phyllis
2073 2651 2091 2678 ,
2133 2607 2355 2669 utinam

1546 2707 1845 2785 sapienter
1887 2724 2083 2779 ames,

1545 2824 1657 2868 nee
1700 2809 1855 2869 veris
1898 2812 2204 2871 sententiis

1543 2908 1792 2988 amplius
1837 2910 2141 2971 reclames.

1542 3008 1737 3071 Tuum
1779 3010 1979 3074 domat
2020 3013 2266 3076 militem

1541 3113 1668 3172 sitis
1712 3119 1886 3193 atque
1930 3115 2144 3188 fames,

1538 3217 1749 3294 quibus
1793 3219 1998 3278 mortis
2042 3220 2260 3297 petitur

1538 3326 1599 3379 et
1640 3318 1887 3381 ‘inferni’
1927 3327 2162 3382 trames.

2055 3477 2136 3532 37.

1532 3570 1673 3643 Non
1717 3581 1877 3644 dicas
1924 3583 2329 3663 obprobrium,

1532 3685 1584 3744 si
1629 3701 1955 3763 cognoscas
1999 3705 2256 3761 morem,

1528 3792 1759 3847 vestem
1803 3790 2026 3867 nigram
2069 3790 2297 3864 elerici,

1529 3906 1760 3949 comam
1799 3890 2165 3964 breviorem3

1527 3989 1704 4051 habet
1745 3993 1856 4053 ista
1901 3993 2152 4056 clericus

1526 4090 1600 4152 ad
1645 4110 1939 4155 summum
1981 4095 2297 4172 honorem,

1524 4199 1591 4254 ut
1634 4211 1769 4256 sese
1814 4197 2102 4275 significet

1524 4296 1794 4360 omnibus
1837 4302 2136 4363 maiorem.
