3155 4946
1390 308 1473 374 85

290 484 498 544 Poste-a
541 484 899 558 Aufustinns
940 482 1104 541 solus
1148 490 1372 543 cantet:
1435 432 1460 471 Υ

297 581 651 654 ¹7.Discaut
710 608 868 652 nuuc
924 588 1129 673 iudei,
1205 590 1505 669 quomodo
1563 590 1637 652 de
1695 592 1923 656 Christo
1978 597 2419 657 eonsentientes
2470 613 2576 655 no—

412 694 642 756 biscum
698 693 1011 772 amplexari
1075 692 1291 754 debent
1346 695 1480 759 novi
1537 699 1741 773 partus
1794 714 2008 758 novum
2065 695 2366 775 gaudium,
2426 712 2579 777 nove

414 812 583 874 spem
628 796 831 855 salutis
874 796 1066 873 ipsum
1113 797 1558 873 expectantium.
1646 796 1817 857 Nunc
1870 806 2175 858 venturum
2222 797 2461 859 credaut
2522 806 2580 857 et

414 900 772 958 nasciturum
815 892 1129 975 expectent
1173 898 1475 957 nobiscum
1521 897 1817 960 dicentes:
1879 899 2000 959 Rex
2044 917 2231 962 novus
2272 901 2383 960 erit
2423 898 2581 960 salus

417 997 656 1060 mundo.

292 1117 459 1176 Inter
500 1118 848 1177 cantandum
879 1124 1069 1179 omnia
1099 1123 1213 1179 ista
1241 1117 1469 1178 Archi
1481 1135 1926 1195 synayoyus
1968 1121 2266 1195 obstrepet
2305 1118 2584 1177 movendo

375 1235 593 1292 corpus
639 1225 697 1277 et
738 1225 917 1291 caput
961 1227 1022 1280 et
1061 1222 1224 1280 deri
1240 1222 1380 1280 den
1395 1221 1484 1279 do
1522 1221 1858 1295 praedicta.
1925 1221 2049 1280 Hoc
2090 1220 2370 1295 completo
2414 1218 2587 1278 detur

376 1320 538 1378 locus
577 1318 1018 1393 prophetis,·
1076 1323 1174 1382 vel
1225 1329 1291 1382 at
1346 1323 1637 1381 recedant
1684 1321 1782 1381 vel
1834 1323 2084 1381 sedeant
2135 1323 2198 1379 in
2254 1320 2400 1379 locis
2463 1323 2589 1378 suis

370 1406 620 1495 propter
661 1420 938 1479 honorem
981 1423 1119 1481 Indi.
1206 1423 1434 1482 Deinde
1477 1423 1738 1498 Anqelus
1796 1428 2091 1496 appareat
2129 1423 2197 1480 M
2203 1439 2241 1481 a
2257 1425 2328 1481 ri
2344 1439 2380 1503 ᾳ
2438 1436 2588 1496 ope-
2625 1434 2631 1439 ’

375 1527 537 1583 ranti
578 1522 939 1582 muliebriter
983 1528 1045 1583 et
1084 1525 1270 1586 dicat.-

415 1620 551 1692 Ave
596 1630 815 1705 Maria,
860 1636 1040 1713 gratia
1083 1634 1289 1713 plena!
1356 1633 1643 1693 Dominus
1687 1635 1919 1693 tecum!

289 1750 368 1809 Et
408 1754 645 1810 iterum:

229 1840 244 1851 ⁴
417 1840 614 1922 Ecce,
660 1854 957 1932 concipies
1001 1860 1060 1914 et
1104 1854 1295 1933 paries
1342 1859 1457 1913 etc.

292 1973 408 2032 Illa
449 1974 785 2048 stupefacta
827 1974 1014 2034 dicat:
1589 2034 1592 2036 ,

411 2061 739 2153 Quomodo
782 2075 882 2136 fiet
923 2073 1117 2145 istud,
1164 2077 1298 2153 quia
1345 2076 1528 2132 virum
1574 2090 1690 2132 non
1737 2088 2054 2148 cognosco.

295 2194 671 2267 Respondeat
712 2195 957 2270 anqelus
971 2215 987 2250 .·

421 2283 675 2373 Spiritus
721 2301 957 2354 sanctus
1000 2292 1374 2372 superveniet
1418 2296 1530 2350 etc.

420 2392 685 2472 Ideoque
729 2392 888 2471 quod
932 2401 1207 2456 nascetur
1250 2400 1362 2452 etc.

167 2489 170 2492 Ἴ
297 2515 672 2588 Respondeat
710 2516 912 2575 Maria
933 2538 951 2573 .-

420 2604 621 2686 Ecce,
668 2616 881 2676 ancilla
924 2615 1142 2676 domini
1188 2623 1302 2675 etc.

296 2734 448 2796 Dein
488 2736 688 2794 Maria
728 2735 912 2795 vadat
949 2736 1305 2804 casualiter,
1348 2734 1492 2793 nihil
1532 2739 1799 2809 coyitans
1843 2733 1916 2790 de
1959 2728 2349 2790 Elisabeth
2391 2729 2568 2786 vetule

376 2837 636 2898 Iohanne
677 2841 1036 2919 inpreqnata
1055 2878 1073 2906 ,
1120 2841 1181 2894 et
1221 2837 1441 2897 salutet
1480 2853 1610 2894 eam
1655 2842 1712 2893 et
1754 2834 1914 2892 dicat
1956 2829 2283 2891 ‘Elisabeth'

419 2934 591 3006 Unde
636 2945 749 3005 hoc
795 2945 930 3005 mihi
975 2951 1086 3006 etc.

296 3064 370 3124 Et
408 3066 693 3126 cantabit:

417 3154 509 3226 Ex
551 3183 669 3245 quo
712 3165 862 3226 facts
907 3171 1000 3226 est
1039 3183 1150 3228 vox
1192 3165 1556 3227 salutationis
1601 3172 1714 3225 etc.

295 3286 514 3344 Eadem
558 3286 743 3346 dicat:

418 3374 749 3445 Benedicta
778 3390 841 3445 tu
869 3386 929 3445 iu
960 3384 1297 3446 mulieribus
1330 3393 1443 3446 etc.
1523 3382 1614 3444 Tu
1646 3402 1764 3467 que
1794 3384 2050 3469 portabis
2089 3401 2144 3461 p.
2178 3382 2232 3442 h.
2265 3389 2322 3441 et
2353 3397 2425 3441 au
2452 3390 2561 3457 get

294 3505 672 3582 Respondeat
709 3508 912 3567 Maria
926 3529 943 3565 .-

419 3596 752 3686 Magnificat
792 3608 984 3667 anima
1027 3623 1160 3667 mea
1201 3606 1518 3667 Dominum
1561 3613 1672 3665 etc.

294 3726 443 3786 Dein
485 3727 734 3786 recedat
770 3725 1097 3796 Elisabeth,
1146 3729 1288 3802 quia
1333 3727 1580 3801 amplius
1623 3741 1742 3784 non
1782 3724 2014 3783 habebit
2052 3723 2238 3782 locum
2278 3720 2389 3801 hec
2435 3737 2552 3794 per

376 3844 540 3887 sona.
627 3827 780 3886 Dein
822 3828 891 3886 M
896 3831 1070 3887 aria
1111 3830 1294 3888 vadat
1331 3832 1392 3887 in
1435 3828 1643 3887 lectum
1683 3844 1882 3895 suum,
1944 3839 2057 3905 qne
2102 3826 2217 3883 iam
2259 3822 2333 3880 de
2376 3823 2548 3892 spiri!

376 3938 581 3989 sancto
613 3934 910 4004 concepit,
956 3935 1017 3988 et
1036 3932 1251 4005 pariat
1270 3929 1472 4000 filiam.
1522 3929 1634 3989 Cui
1660 3927 1928 3987 assideat
1965 3927 2047 3985 ιο
2065 3923 2248 3997 seph
2291 3926 2352 3982 in
2394 3920 2549 3979 habit

374 4030 616 4090 honesto
660 4038 721 4091 et
753 4032 1001 4105 prolixa
1046 4031 1248 4091 barba.
1335 4031 1492 4089 Nato
1529 4045 1724 4104 puero
1740 4073 1755 4102 ‚
1804 4032 2099 4102 appareat
2151 4023 2329 4084 stella
2387 4026 2446 4081 et
2487 4025 2556 4080 in-

375 4136 555 4208 cipiat
594 4133 809 4192 chorus
851 4132 1003 4192 hanc
1045 4131 1446 4205 antiphonam:

413 4223 611 4295 Hodie
656 4233 917 4295 Christus
961 4238 1131 4294 natus
1176 4238 1283 4292 est.
