3155 4946
1455 272 1680 394 183*

1426 551 1587 624 105.

1371 671 1477 723 (foi.
1505 670 1652 724 5812.)

652 792 659 797 .
885 753 932 804 1.

351 830 562 899 anvs
605 839 775 901 adest
818 838 1123 910 floridum,
1524 856 1634 916 per
1676 855 1938 898 amorem
1978 835 2229 898 Veneris

350 947 596 1019 surgunt
639 957 895 1019 namque
940 939 1120 1001 flores
1136 985 1152 1012 ‚
1523 938 1729 1001 ludum
1772 939 2055 1000 faciamus
2068 983 2086 1011 ,

348 1040 615 1103 vernales
661 1061 798 1104 mox
839 1044 902 1104 in
945 1041 1219 1104 omnibus
1526 1041 1741 1101 ceteris
1783 1038 2105 1119 virginibus

348 1145 463 1203 iam
506 1150 807 1205 mutantur
847 1162 1065 1205 mores,
1522 1145 1589 1200 ut
1629 1140 1746 1201 hoc
1791 1139 2133 1201 referamus,

346 1243 475 1305 Hoc
517 1245 678 1322 quod
718 1244 902 1324 frigus
945 1245 1193 1330 leserat,
2064 1254 2113 1306 3.

347 1351 619 1424 reparant
665 1345 891 1407 calores
907 1392 923 1417 ‚
1525 1331 1580 1402 Ο
1625 1341 1838 1403 dilecta
1881 1341 2143 1415 domina,

347 1449 643 1507 cernimus
687 1447 803 1508 hoc
846 1449 973 1509 fieri
1526 1463 1633 1506 cur
1676 1448 1763 1507 sic
1806 1444 2076 1506 alienaris
2093 1444 2125 1505 *ἲ

346 1566 454 1625 per
496 1549 714 1609 multos
759 1549 1009 1611 colores.
1522 1548 1616 1607 An
1659 1550 1886 1620 nescis,
1930 1567 1967 1609 ο
2013 1551 2341 1622 carissima,

885 1667 935 1717 2.
1524 1646 1684 1726 quod
1726 1649 1812 1708 sic
1856 1648 2189 1711 adamatis?

349 1739 524 1811 Stant
565 1757 731 1828 prata
773 1752 947 1830 plena
992 1751 1263 1823 floribuS,
1522 1749 1589 1810 Si
1630 1754 1696 1808 tu
1740 1767 1906 1810 esses
1949 1750 2202 1823 Helena,

345 1853 406 1912 in
448 1853 656 1929 quibus
700 1871 811 1914 nos
854 1854 1144 1915 ludamus.
1224 1924 1229 1931 ,
1522 1849 1737 1911 vellem
1780 1869 1917 1913 esse
1959 1853 2154 1915 Paris:

346 1953 619 2032 Virgines
665 1971 803 2014 cum
846 1954 1077 2014 clericis
1519 1958 1719 2014 tamen
1761 1960 1959 2031 potest
2000 1956 2126 2016 fieri

347 2055 519 2116 simul
562 2055 953 2133 procedamus
972 2100 987 2125 ,
1519 2059 1726 2114 noster
1768 2071 1932 2116 amor
1972 2055 2121 2135 talis.

1379 2354 1517 2447 105
1573 2379 1633 2430 a.

850 2495 918 2566 lh
963 2507 1129 2569 solde
1173 2510 1338 2570 eines
1379 2526 1695 2587 morgenes
1737 2526 1850 2587 gan

863 2611 996 2670 eine
1040 2613 1184 2672 wisc
1224 2611 1444 2683 breite,

861 2710 939 2771 do
979 2713 1119 2773 sach
1160 2714 1258 2774 ich
1301 2716 1433 2775 eine
1475 2721 1674 2793 maget
1714 2720 1842 2776 stan
1861 2762 1877 2783 .

866 2812 966 2873 diu
1010 2807 1211 2891 grfizte
1254 2815 1375 2875 mih
1412 2815 1637 2877 bereite
1651 2861 1667 2887 ,

872 2916 922 2974 si
966 2915 1174 2993 sprah:
1218 2915 1427 2989 heber,
1471 2935 1593 2979 war
1633 2916 1804 2979 wend
1846 2916 1943 2977 ir?

866 3008 1099 3076 <mrtem
1137 3016 1192 3076 ir
1232 3017 1447 3100 geleite
1462 3016 1495 3077 ἲ

861 3112 1065 3195 Gegen
1107 3116 1223 3179 den
1265 3113 1439 3180 fflzen
1480 3122 1616 3203 neig
1657 3121 1717 3180 ih
1757 3123 1845 3192 ir,

857 3217 1045 3295 gnade
1086 3218 1148 3279 ih
1190 3220 1243 3281 ir
1282 3220 1390 3283 des
1431 3224 1603 3305 scite.

1426 3537 1587 3611 106.

1387 3664 1488 3715 (τοι.
1513 3666 1613 3717 ω.)

885 3758 926 3806 1.

342 3830 490 3902 Ecct
532 3846 763 3920 gratum
1517 3840 1609 3902 sol
1653 3848 1892 3903 serenat
1930 3843 2127 3903 omnia
2141 3887 2158 3914 ‚

342 3948 404 4002 et
445 3946 711 4020 optatum
1514 3944 1750 4004 iamiam
1792 3943 2004 4005 cedant
2043 3944 2263 4006 tristia!

340 4061 445 4106 ver
486 4042 715 4105 reducit
756 4044 966 4123 gaudia
980 4091 996 4115 ,
1518 4051 1680 4128 estas
1723 4044 1903 4116 redit,

341 4152 726 4223 purpuratum
1517 4165 1676 4208 nunc
1718 4146 1943 4209 recedit

342 4243 515 4307 floret
554 4253 786 4326 pratum
800 4293 816 4318 ‚
1516 4248 1748 4327 hyemis
1789 4249 2013 4332 sevitia.
