3155 4946
1447 332 1564 403 151

354 516 599 597 frigidus
645 521 707 576 et
750 513 974 576 calidus
1020 519 1081 574 et
1120 507 1356 590 tepidus
1378 554 1395 580 ‚
1968 476 2043 531 “³3³
2080 501 2130 553 4.

356 637 521 682 amor
565 617 780 688 audax,
826 613 1104 696 pavidae,
1533 596 1732 668 Amor
1772 604 1930 668 volat
1970 602 2261 682 undique,

356 726 449 782 est
493 718 644 781 fidus
690 726 868 797 atque
910 714 1183 797 perfidu&
1534 715 1744 788 captus
1787 711 1882 767 est
1921 703 2180 766 libidine.

895 851 941 903 2.
1186 875 1209 886 ,
1530 811 1782 872 iuvenes
1799 854 1815 880 ,
1858 805 2173 888 iuvencule

1533 912 1990 989 ‘coniunguntur
2034 907 2286 969 merito'.

1533 1012 1751 1092 ‘Siqua’
1797 1012 1927 1072 sine
1971 1011 2135 1069 socio
2153 1055 2168 1078 ,

1533 1121 1697 1177 caret
1739 1114 1900 1175 omni
1945 1110 2155 1190 gaudio
2173 1157 2189 1182 ,

1532 1224 1699 1279 tenet
1739 1215 1931 1277 noctis
1966 1212 2172 1275 ,infima

1534 1318 1643 1379 sub
1685 1319 1894 1378 intimo

1534 1419 1730 1482 cordis
1774 1419 1838 1479 in
1880 1415 2183 1480 custodia:

1532 1522 1598 1583 fit
1640 1538 1736 1582 res
1780 1519 2167 1581 amarissima.

356 946 619 1036 Tempus
667 962 760 1017 est
802 953 1109 1023 idoneum,

355 1064 564 1142 querat
606 1075 773 1120 amor
817 1056 1074 1124 socium,

355 1176 511 1221 nunc
554 1159 805 1237 garritus
852 1157 1077 1225 avium,

357 1276 523 1322 amor
564 1260 717 1338 regit
759 1260 1003 1320 iuvenes
1023 1303 1038 1327 ,

355 1382 523 1427 amor
565 1352 722 1443 capit
763 1363 1039 1441 virgines,

353 1466 446 1551 Vc
490 1470 801 1535 senectuS,
846 1467 864 1494 ⁴
883 1461 1165 1542 plurima’

356 1568 460 1629 tihi
506 1572 645 1628 sunt
686 1561 1087 1626 incommoda!

363 1670 652 1745 Votorum,
696 1663 1039 1726 iuvenculal

356 1769 494 1838 ,theo
526 1767 639 1829 deo
668 1772 832 1827 tenet
857 1782 934 1826 ne
965 1765 1144 1843 gratis
1172 1770 1400 1827 matura
1433 1762 1481 1838 †
2075 1738 2123 1790 5·

355 1872 539 1950 pestis
561 1914 575 1939 ³
621 1867 754 1929 ‘1³⁰0
798 1866 1074 1946 Pessima·
1102 1863 1150 1939 †
1530 1868 1730 1940 Amor
1771 1873 2051 1954 simplex,
2096 1870 2372 1944 callidum

632 1984 638 1990 ’
896 1998 943 2049 3.
1529 1981 1729 2052 rufae,
1774 1994 1940 2040 amor
1980 1972 2230 2054 pallidus

357 2093 375 2124 ‘
392 2097 488 2169 Sit
530 2104 760 2185 puella,
805 2099 1055 2180 frigidus
1073 2099 1087 2122 ⁹
1531 2081 1768 2161 ‘figuris'
1811 2082 1874 2141 in
1916 2076 2220 2144 omnibus:

357 2225 679 2288 numquam
721 2206 825 2266 tibi
870 2204 1102 2265 socius:
1529 2184 1715 2246 Amor
1758 2187 1850 2243 est
1892 2177 2191 2259 placabilis
2207 2222 2223 2247 ‚

358 2310 576 2373 dormit
619 2306 825 2369 dolens
870 2305 1075 2388 sepius
1532 2289 1809 2345 constans
1854 2287 1916 2342 et
1956 2277 2273 2346 insiahiIiS,

355 2415 416 2472 in
447 2413 667 2471 'natura
708 2404 953 2485 frigidus
972 2451 988 2476 ,
1533 2383 1750 2446 ‘Amor’
1795 2382 1935 2443 artis
1980 2380 2203 2457 regitur

354 2512 496 2575 nihil
544 2512 646 2572 tibi
689 2510 880 2573 vilius.
1065 2547 1069 2552 .
1531 2484 1816 2566 imperio,

354 2618 559 2682 Venus
603 2620 768 2677 tenet
806 2614 1056 2673 'iuvenes
1098 2611 1161 2671 in
1205 2605 1446 2687 gaudi03
1530 2589 1681 2651 ludit
1720 2586 1905 2648 Amor
1945 2581 2164 2644 lectulo

357 2737 498 2781 sana
541 2718 604 2778 fit
649 2714 982 2777 coniunctio
1000 2758 1017 2784 ,
1419 2755 1422 2758 .
1528 2694 1648 2753 iam
1690 2686 1957 2751 clanculo
1971 2730 1988 2758 ,

358 2838 535 2900 quam
579 2818 758 2895 diligo
774 2862 790 2887 ,
1530 2794 1721 2855 noctis
1764 2793 1827 2851 in
1869 2788 2103 2851 silentio

356 2926 460 2982 tuo
504 2920 569 2981 fit
609 2893 888 3000 impeffl),
1530 2897 1596 2957 fit
1639 2900 1843 2974 captus
1883 2890 2069 2952 Amor
2111 2890 2340 2969 laqueo.

358 3019 638 3101 quicquid
679 3019 892 3081 melius
936 3019 1044 3088 sit,
1090 3018 1311 3079 nescio.

1444 3404 1562 3478 61.

1386 3532 1493 3586 (fol.
1518 3532 1616 3580 37.)

899 3640 945 3694 1.
1889 3631 1893 3636 '
2072 3629 2118 3682 2.

354 3739 513 3810 Ῑ-ΝΜ
558 3762 695 3808 cum
739 3743 986 3828 cecilia,
1528 3729 1785 3801 Tantum
1826 3735 1960 3797 volo
2001 3733 2236 3807 ludere,

354 3851 502 3914 nihil
545 3847 836 3917 timenti&
1526 3847 1758 3903 tantum
1800 3837 2215 3916 contemplari,

357 3970 492 4015 sum
535 3952 701 4030 quasi
745 3951 808 4011 in
853 3948 1118 4011 custodia
1528 3959 1779 4027 presens
1822 3940 1956 4001 volo
1999 3947 2243 4017 tangere
2260 3983 2275 4008 ‚

357 4054 579 4136 fragilis
625 4054 834 4138 Pullis,
1528 4044 1766 4108 tandem
1810 4041 2090 4113 osculari,

359 4176 437 4221 ne
481 4160 852 4219 marcescant
888 4154 1010 4216 lilia
1406 4202 1410 4205 ⁴
1532 4149 1830 4228 quintum,
1874 4141 2032 4223 quod
2075 4147 2168 4202 est
2211 4158 2387 4221 agere
2402 4188 2417 4213 ‚

360 4276 470 4344 sue
515 4259 817 4321 castitatis,
1530 4250 1669 4312 nolo
1710 4246 2016 4325 suspicari.
