3155 4946
1371 363 1455 449 83

341 547 442 624 qui
485 547 686 608 matris
732 548 967 626 virginis
1085 642 1088 645 Ἴ
1307 519 1314 525 ’
1383 508 1387 513 -
1479 509 1483 512 Α
1521 551 1620 614 dei
1663 563 1724 617 et
1769 555 2021 620 hominis
2056 612 2061 616 .

341 646 483 709 dum
526 652 680 729 sugit
724 651 931 724 ubera,
1523 657 1843 737 coniungat
1886 657 2109 742 federa.

261 750 599 826 Respondet
636 755 1154 833 Archisynayoqus
1198 773 1325 816 cum
1365 760 1542 818 nimio
1587 759 1899 822 cachinno:

268 857 361 910 tt.
386 841 441 912 Ο
485 853 816 933 Augustino
859 858 1107 918 maxime
1566 856 1631 918 Si
1674 859 1962 921 moderna
2005 861 2260 940 colligis,

384 954 458 1017 de
488 956 783 1036 profundo
813 965 1055 1038 portans
1085 958 1200 1042 hec
1218 960 1382 1039 inge·
1561 965 1621 1019 et
1663 959 1917 1022 attendis
1959 968 2160 1024 vetera
2180 1007 2196 1032 ,

383 1056 524 1119 dum
567 1058 828 1121 futurum
868 1060 1140 1144 predicas
1240 1060 1380 1140 [nio,
1559 1061 1619 1120 in
1663 1060 1891 1123 adiecto
1935 1064 2172 1141 ponitur

380 1156 439 1218 id
486 1158 647 1238 quod
690 1168 867 1240 negat
910 1163 1087 1223 ratio!

379 1259 525 1320 Nam
572 1264 622 1323 si
665 1263 823 1342 virgo
868 1262 1057 1341 pariet

378 1366 439 1421 et
481 1362 610 1423 sine
656 1364 1051 1435 commercio,

381 1468 590 1546 nature
611 1464 812 1525 ‘robur
854 1470 947 1525 est

372 1568 434 1624 el
475 1583 676 1626 rerum
720 1565 1008 1626 confusio.

369 1662 458 1726 Tu
506 1666 647 1745 quid
691 1673 898 1728 contra
940 1683 1184 1727 resonas
1205 1713 1219 1727 .

368 1766 498 1829 labe
541 1774 731 1831 tactus
776 1771 990 1840 veteri,

369 1871 470 1947 qui
512 1889 635 1932 non
677 1870 820 1933 illud
863 1870 1111 1950 respicis
1132 1915 1148 1939 ,

369 1971 533 2050 quod
578 1980 673 2034 est
702 1974 934 2067 iustum
977 1970 1122 2034 fleri.

364 2073 515 2137 Nam
559 2074 610 2134 si
652 2076 815 2153 virgo
858 2074 1078 2152 pariet,

363 2174 529 2252 quod
572 2175 928 2253 prophetant
967 2173 1170 2253 pueri,

362 2285 571 2340 natura
614 2276 690 2339 de
734 2277 973 2356 proprio

362 2379 488 2439 iure
534 2384 734 2457 potest
778 2377 1083 2455 conqueri.

366 2479 620 2554 Quando
663 2484 824 2560 virgo
862 2482 1085 2559 pariet,

364 2580 656 2654 ‘Xanthe’,
700 2590 860 2644 retro
904 2585 1181 2662 propera!

363 2683 541 2764 lupus
586 2703 800 2765 agnum
841 2685 1053 2765 fugiet,

358 2785 531 2864 plana
573 2787 717 2848 fient
758 2803 1019 2866 aspera„

1562 1168 1681 1222 est
1722 1166 1938 1244 virgo
1980 1184 2366 1246 puerpera
2389 1212 2404 1233 ,

1556 1269 1622 1324 ut
1664 1266 1950 1345 propheta
1995 1267 2262 1347 garrulus

1556 1364 1925 1428 incessanter
1968 1369 2197 1430 asserit.

1442 1465 1445 1468 ’
1554 1462 1663 1526 Vel
1707 1467 1758 1527 si
1802 1470 1966 1548 virgo
2010 1473 2222 1550 pariet,

1557 1564 1649 1626 vel
1690 1568 1805 1627 iam
1849 1567 2001 1630 forte
2043 1573 2312 1651 peperit,

1557 1681 1676 1750 que
1718 1685 1836 1728 non
1882 1672 2077 1732 carnis
2123 1672 2396 1751 copulam

1551 1775 1688 1830 ante
1735 1776 1966 1849 partum
2012 1775 2297 1845 senserit,

1553 1871 1718 1949 quod
1761 1872 2051 1936 fantasma
2092 1875 2299 1945 fuerit,

1549 1973 1645 2034 lex
1690 1972 1868 2034 docet
1910 1981 1972 2035 et
2014 1977 2218 2056 aperit.

1550 2074 1723 2148 Quod
1771 2074 1844 2136 de
1890 2076 2093 2138 clausa
2134 2079 2352 2158 virgine

1547 2176 1634 2237 sic
1679 2176 1961 2255 procedat
2003 2178 2314 2257 parvulus,

1550 2285 1644 2340 est
1687 2281 1905 2340 erroris
1949 2279 2228 2352 credere,

1411 2424 1416 2428 .
1529 2396 1665 2468 ‘non
1712 2378 1980 2465 doctrine
2025 2381 2316 2443 cumulus.

1546 2479 1655 2541 Vel
1700 2498 1842 2561 ergo
1885 2482 2243 2562 respondeat

1547 2581 1622 2643 ad
1665 2583 1961 2646 obiectum
2006 2584 2278 2669 emulus,

1545 2685 1640 2754 vel
1682 2688 1900 2749 erroris
1943 2687 2122 2766 fugiat

1543 2792 1604 2848 et
1646 2789 1876 2850 ruboris
1919 2787 2182 2849 baiulus!

246 2888 393 2947 Voce
437 2890 642 2950 sobria
685 2895 748 2949 et
786 2891 1049 2950 discreta
1092 2889 1458 2965 respondeat
1497 2891 1858 2967 Auyustiuua
1876 2914 1893 2949 .-

244 2994 334 3049 12.
356 2978 425 3049 In
471 2996 687 3053 eventu
731 3007 1020 3070 prospero

360 3091 488 3153 talis
531 3110 706 3154 casus
750 3093 907 3154 unici
1002 3108 1006 3111 ’

358 3195 700 3273 argumenta
742 3192 1072 3256 claudicant

358 3313 678 3377 moresque
723 3295 1059 3377 sophistici,
1125 3379 1131 3384 ς

236 3396 783 3477 ‘Archieynayoyus'
828 3400 1016 3459 dicat:

366 3488 601 3561 Homo
646 3506 992 3561 mortuus

355 3601 414 3660 in
459 3599 690 3661 adiecto
721 3602 1000 3679 ponitur,

354 3701 514 3782 quod
560 3703 621 3762 in
666 3699 984 3761 Aristotele

350 3804 552 3884 pueris
596 3802 968 3882 exprimitur3

228 3906 583 3982 Anqustinus
626 3907 819 3966 dicat:

236 4016 321 4070 18.
347 3998 443 4069 Ne
487 4008 830 4087 phantasma
871 4005 1115 4078 dixeris,

350 4108 511 4189 quod
550 4110 712 4188 virgo
758 4108 1085 4188 concipiet,

349 4210 507 4289 quod
552 4210 797 4289 pudoris
842 4211 993 4271 ostio

349 4331 471 4375 non
516 4320 720 4392 aperto
764 4314 966 4392 pariet.

1542 2988 1720 3051 docet
1766 2990 1924 3051 enim
1967 2993 2135 3063 ratio,

1541 3097 1809 3152 naturam
1854 3110 1970 3153 non
2014 3092 2189 3163 reici,

1541 3190 1736 3271 siquid
1781 3198 1983 3275 preter
2026 3193 2264 3254 solitum

1540 3292 1728 3354 semel
1773 3293 1936 3354 vides
1984 3295 2153 3355 obici.

1536 3496 1644 3557 sed
1691 3495 1806 3578 hec
1851 3503 2043 3560 vestra
2088 3498 2291 3576 regula

1537 3603 1679 3658 tunc
1727 3599 2025 3679 repulsam
2069 3600 2310 3678 patitur,

1537 3716 1672 3760 cum
1720 3699 1795 3762 de
1839 3709 2066 3763 matre
2111 3703 2401 3780 virgine

1535 3818 1734 3862 sermo
1779 3803 1947 3864 nobis
1992 3804 2187 3865 oritur.

1530 4004 1620 4066 De
1663 4003 1853 4088 Judea
1897 4003 2198 4083 multiplex

1528 4109 1697 4169 testis
1740 4107 1909 4168 nobis
1955 4108 2179 4177 veniet,
2278 4167 2283 4172 .

1526 4211 1627 4288 qui
1668 4207 1836 4271 vobis
1879 4209 2242 4278 contrarius,

1527 4316 1588 4370 et
1631 4310 1935 4371 nobiscum
1980 4309 2174 4370 faciet.

2119 4418 2151 4468 6
2181 4410 2216 4445 ss·
