3155 4946
490 651 608 713 quo
652 633 701 695 ι’
746 632 892 697 Jove
938 634 1239 697 secundus

467 741 560 796 est
603 736 742 796 mihi
788 735 1167 816 significatus.

1003 870 1085 923 20.

473 959 768 1032 Effectum
813 974 865 1032 si
908 991 1028 1034 non
1070 973 1323 1043 invenit,

471 1077 533 1132 ut
581 1088 678 1132 me
723 1073 862 1134 velit
902 1090 1134 1146 amare,

474 1190 731 1255 prerogo
776 1174 937 1253 quod
984 1177 1253 1237 convenit

474 1283 729 1352 nequeat
775 1275 1021 1337 alterari.

998 1409 1080 1460 27.

473 1501 601 1571 Sed
644 1514 694 1572 si
745 1529 889 1585 nos,
935 1512 1252 1583 discordia,

475 1621 576 1674 tuo
623 1629 789 1673 inore
836 1612 1141 1693 disponis,

477 1717 713 1777 mutabo
756 1717 872 1777 iam
916 1715 1235 1796 primordia

478 1836 613 1902 mee
657 1817 1064 1898 professionis.

999 1952 1079 2003 28.

474 2044 659 2132 Ergo,
704 2053 940 2115 nitidior
983 2053 1213 2125 sidere,

475 2155 742 2235 respice,
787 2155 837 2217 si
882 2172 981 2216 me
1023 2156 1111 2218 vis
1155 2157 1390 2229 vivere;

477 2274 614 2318 nam
660 2255 840 2319 flores
884 2264 1116 2320 constat
1159 2275 1501 2341 emergere,

475 2367 577 2421 tuo
622 2377 719 2421 me
763 2360 1014 2422 solatum
1061 2359 1270 2444 federe

478 2460 550 2523 da
595 2459 818 2523 ludere.

482 3088 639 3158 Dum
683 3097 870 3181 Dione
912 3012 1094 3159 vitrea

481 3216 616 3259 sero
660 3198 886 3280 lampas
934 3202 1156 3270 oritur,

481 3306 541 3360 et
583 3317 616 3360 a
659 3300 852 3362 fratris
896 3317 1070 3361 rosea

482 3401 615 3481 luce
661 3401 801 3463 dum
847 3401 1257 3468 succenditur.

483 3501 672 3563 dulcis
713 3519 852 3564 aura
896 3502 1168 3581 zephyri,

484 3603 703 3681 spirant
748 3619 958 3663 omnes
1004 3602 1189 3684 etheri
1215 3648 1230 3666 .

484 3704 674 3764 nubes
720 3703 904 3772 tollit,

484 3807 570 3866 sic
616 3803 841 3866 emollit

483 3908 540 3968 vi
588 3904 935 3967 chordarum
980 3914 1256 3987 pectora,

486 4016 547 4069 et
589 4009 838 4068 inmutat

488 4106 625 4180 cor,⁴
674 4108 834 4188 quod
870 4114 1043 4171 nutat

486 4210 557 4272 ad
605 4214 820 4274 amoris
865 4214 1127 4291 pignora.

486 4303 706 4400 Letum
748 4314 912 4375 iubar
954 4312 1187 4390 hesperi

1423 2649 1542 2658 --ο

1566 376 1686 443 124

2176 548 2257 599 29.

1654 625 1785 696 Mea
1833 633 1952 705 lex,

1655 736 1903 798 livorum
1947 734 2042 817 fex

1658 847 1715 900 te
1758 836 1895 898 mihi
1940 854 2059 898 non
2106 837 2383 916 proiciet,

1658 956 1789 1001 mea
1835 938 1947 1000 dux
1969 984 1984 1010 ,

1656 1049 1715 1103 te
1760 1057 1893 1103 mea
1936 1039 2034 1101 lux

1597 1214 1600 1218 Α
1658 1145 1995 1223 perenniter
2042 1144 2300 1222 aspiciet.

2180 1259 2262 1312 30.

1659 1338 1728 1409 Si
1771 1346 2037 1409 solverer
2080 1354 2147 1407 ut
2187 1348 2282 1408 nix
2299 1393 2316 1419 ,

1658 1447 1771 1510 hoc
1815 1447 2031 1510 ferrem
2077 1467 2196 1511 non
2242 1457 2341 1512 aut
2384 1451 2506 1519 vix,

1660 1549 1735 1611 de
1781 1566 1918 1611 meo
1963 1549 2145 1611 corde
2191 1551 2284 1629 pix

1658 1650 2082 1712 indissolubilis
2100 1669 2116 1721 ;

1656 1751 1866 1813 indidit
1908 1768 2007 1812 res
2052 1752 2254 1814 habilis

1659 1859 1718 1914 et
1759 1852 2138 1914 honorabilis.

2187 1970 2268 2022 31.

1660 2047 1798 2118 Hoc
1843 2056 2024 2120 corde
2069 2075 2286 2138 precor
2328 2066 2602 2139 optante.

1661 2162 1856 2240 virgo,
1902 2160 1951 2221 si
1998 2166 2058 2222 tu
2104 2161 2280 2233 sinis,

1660 2263 1847 2341 siquis
1892 2278 2040 2322 voce
2081 2262 2382 2321 iactitante

1662 2365 1782 2426 vult
1825 2363 2074 2447 preferri
2115 2369 2221 2446 tue
2264 2362 2465 2445 plante
2495 2406 2510 2431 ‚

1656 2464 1738 2527 illi
1779 2464 2020 2528 laudum
2064 2463 2216 2527 linis.

1545 2648 1863 2657 ...α-..ο-οο-ο

1580 2792 1695 2866 37.

1527 2921 1632 2972 (sol.
1658 2920 1753 2966 2³.)

1662 3096 1976 3174 gratiorem

1665 3196 1759 3259 dat
1805 3197 2112 3260 humorem

1664 3300 1817 3361 roris
1864 3299 2174 3380 soporiferi

1664 3401 1993 3461 mortalium
2040 3400 2254 3480 generi.

2203 3513 2253 3566 2.

1667 3594 1721 3666 Ο
1770 3620 1946 3682 quam
1992 3601 2128 3662 felix
2171 3607 2263 3662 est

1667 3704 1992 3766 antidotum
2036 3702 2303 3781 soporis,

1669 3805 1828 3886 quod
1872 3821 2144 3866 curarum
2188 3808 2571 3882 tempestates

1667 3907 1839 3970 sedat
1880 3914 1939 3967 et
1982 3903 2236 3967 dolorisl

1669 4009 1821 4070 Dum
1866 4008 2125 4087 surrepit
2168 4005 2384 4067 clausis

1670 4110 1982 4171 oculorum
2026 4109 2216 4187 poris,

1668 4211 1861 4289 ipsum
1906 4207 2119 4287 gaudio
2166 4207 2465 4290 equiparat
2512 4233 2533 4248 ι

1670 4310 1966 4371 dulcedini
2011 4310 2246 4371 amoris.
