3155 4946
375 568 533 630 Dum
575 567 789 632 salutat
819 561 929 631 'me
971 567 1205 649 loquaci

372 669 544 732 Flora
585 670 936 753 supercilio,

374 769 575 834 mente
612 768 763 834 'satis
803 774 924 834 iam
966 775 1168 853 capaci

376 873 588 951 gaudia
631 875 934 954 concipio,

368 972 596 1052 'glorior
632 968 853 1036 labore.

915 1088 964 1144 3.

1472 394 1596 466 149

1552 567 1968 632 distenduntur
2008 568 2193 631 latera

1552 690 1660 752 pro
1702 669 1942 733 modulo
1956 714 1973 742 ,

1552 791 1691 834 caro
1735 789 1945 833 carens
1983 770 2264 851 scrupulo

1549 875 1747 945 levem
1787 879 2014 936 tactum
2052 892 2173 936 non
2217 872 2496 946 offendit,

1553 976 1795 1056 ‘gracili’
1838 976 1948 1038 sub
1992 975 2228 1056 cingulo

1553 1079 1899 1142 umbilicum
1940 1077 2317 1167 preextendit

373 1143 520 1237 Mihi
564 1192 695 1238 sors
738 1176 1082 1256 obsequitur
1123 1197 1243 1241 non
1270 1197 1499 1260 aspera,
1554 1180 1860 1269 paululum
1898 1178 2227 1243 ventriculo

337 1296 341 1300 ·
373 1277 527 1340 dum·
553 1285 796 1341 secreto
840 1281 902 1341 in
944 1298 1180 1344 camera

265 1422 268 1425 Δ
297 1422 303 1428 -
372 1377 531 1442 favet
571 1379 775 1445 Venus
817 1398 1121 1462 prospera.

372 1479 606 1543 Nudam
646 1482 810 1544 fovet
848 1482 1080 1546 Floram
1122 1486 1312 1547 lectus
1327 1532 1343 1557 ‚

303 1583 310 1589 ’
374 1599 513 1653 caro
554 1581 767 1655 candet
808 1572 1049 1658 tenera,

372 1684 656 1762 virginale
698 1678 862 1747 lucet
883 1693 1112 1766 ⁴pectus
1128 1733 1147 1761 ,

376 1803 585 1865 parum
627 1793 879 1866 surgunt
915 1788 1100 1852 ‘ubera

377 1886 610 1969 modico
651 1892 904 1972 tumore.

914 2007 968 2060 4.

374 2079 443 2151 Α
481 2090 703 2152 tenello
745 2097 954 2157 tenera

374 2193 718 2273 pectusculo
1051 2180 1055 2184 Δ

365 2750 539 2878 ‘Dum
580 2793 746 2884 prius
789 2709 1009 2856 inculta
1091 2864 1097 2871 ,

376 2893 602 2955 coleret
640 2880 894 2981 virgulta

377 3000 539 3079 estas
581 2983 702 3056 iam
744 2985 941 3058 adulta

374 3096 575 3190 bieme
615 3095 897 3196 sepulta

372 3196 494 3259 vidi
740 3232 745 3237 -

371 3297 545 3361 viridi
710 3368 715 3374 ,
867 3312 884 3316 ·’

372 3400 703 3481 Phyllidem
748 3404 858 3466 sub
900 3405 1024 3467 tilia
1040 3450 1057 3478 ,

371 3501 505 3582 vidi
778 3551 783 3556 .

373 3601 626 3684 Phyllidi
839 3657 844 3660 ,

375 3709 586 3791 quevis
632 3706 965 3770 arridentia.
1020 3693 1025 3698 ’

373 3807 614 3871 Invideo
659 3825 692 3841 ⁴·
760 3812 765 3816 ’

375 3910 518 3973 dum
562 3909 753 3973 video.
975 3981 979 3986 ,

374 4011 475 4072 Sic
509 4013 653 4091 ‚capi
697 4012 858 4090 cogit
900 4012 1142 4075 sedulus

375 4131 473 4174 me
516 4113 731 4193 laqueo

373 4216 639 4295 virgineo

375 4315 570 4379 cordis
613 4321 912 4381 ‘venator’
957 4319 1186 4383 oculus.

1552 1284 2038 1345 tumescentiore.

2095 1401 2145 1454 5.

1556 1475 1612 1549 Ο
1629 1531 1646 1559 ,
1690 1489 1742 1549 si
1783 1486 1936 1548 forte
1982 1485 2214 1567 Jupiter
2253 1486 2405 1548 hanc
2444 1485 2645 1549 videat
2665 1530 2681 1555 ‚

1553 1592 1739 1652 timeo
1759 1635 1775 1660 ‚
1818 1606 1897 1650 ne
1940 1590 2160 1668 pariter
2199 1587 2480 1659 incalcat,

1555 1698 1619 1755 et
1661 1690 1741 1754 ad
1775 1689 2012 1753 fraudes
2052 1690 2289 1764 redeat,

1553 1795 1682 1855 sive
1726 1791 1990 1855 ‘Danaes
2006 1792 2022 1814 '
2067 1791 2278 1872 pluens
2314 1796 2553 1854 antrum

1553 1895 1745 1957 imbre
1786 1892 1946 1956 dulci
1989 1892 2283 1965 mulceat,
2392 1900 2397 1905 ’

1556 1994 1709 2058 ‘’vel
1752 1995 2021 2073 Europes
2063 1994 2246 2055 intret
2285 1999 2550 2066 taurum,

1552 2097 1651 2159 vel
1695 2102 1758 2158 et
1798 2096 1915 2180 hec
1958 2093 2324 2175 congaudeat

1559 2215 1766 2261 rursus
1810 2198 1874 2259 in
1917 2196 2165 2259 ’010ῐοῖ

1471 2480 1592 2556 57.

1412 2613 1438 2663 (
1452 2610 1529 2656 rol.
1554 2610 1653 2662 86.)

1553 2782 1717 2873 Refl.
1748 2781 1896 2857 Visa
1938 2795 2147 2870 captus
2188 2790 2418 2868 virgine

1728 2913 1805 2974 ey
1847 2893 2098 2953 morior!

1726 2977 1850 3057 Sed
1891 2993 2005 3077 hec
2047 2991 2194 3053 mihi
2236 2992 2476 3070 penitus
2516 3053 2521 3057 ,

1728 3114 1890 3158 mors
1933 3094 2193 3166 dulcior;

1593 3240 1599 3244 -
1728 3200 1817 3260 sic
1860 3197 2082 3258 amanti
2120 3195 2339 3256 vivitur
2355 3238 2373 3266 ‚

1726 3299 1872 3362 dum
1913 3299 2003 3359 sic
2045 3312 2250 3359 amans
2295 3296 2562 3358 moritur.

2104 3413 2154 3465 2.

1553 3494 1776 3566 Fronte
1822 3499 2110 3580 explicata

1556 3606 1700 3667 exiit
1740 3604 1802 3664 in
1845 3605 2013 3681 prata

1556 3724 1671 3767 ceu
1713 3703 1905 3765 Dione
1946 3705 2084 3762 nata

1553 3808 1807 3869 Veneris
1849 3803 2061 3882 legata.

1552 3908 1780 3971 videns

1550 4007 1825 4072 invidens

1551 4112 1670 4173 huc
1714 4127 1823 4189 spe
1865 4108 2019 4171 duce
2064 4109 2278 4189 rapior.

1551 4212 1776 4274 Ridens
1795 4258 1811 4282 ,

1552 4313 1823 4377 residens
