3155 4946
954 561 1040 614 24.

428 652 627 743 Inquit
667 662 825 725 Rosa
868 662 1118 742 fulgida:
1166 743 1169 747 .

432 763 670 836 „multa'
699 764 1083 843 subportasti,

431 883 544 928 nec
585 865 786 947 ignota
828 867 1066 946 penitus

431 967 570 1029 mihi
613 967 923 1039 revelasti,

431 1068 542 1130 sed
589 1087 706 1153 que
753 1086 861 1149 per
902 1075 962 1130 te
1004 1067 1240 1130 tulerim

430 1188 753 1251 numquam
797 1171 1174 1251 sompniasti3

429 1274 599 1352 plura
640 1280 780 1335 sunt
822 1289 944 1358 que
985 1271 1197 1336 sustuli

431 1393 609 1457 quam
655 1393 776 1460 que
818 1377 1143 1439 recitasti.“

957 1543 1041 1596 25.

434 1637 605 1725 „Sed
650 1648 857 1709 omitto
897 1646 1131 1726 penitus

428 1751 869 1820 recitationem,

431 1852 638 1915 volens
681 1853 856 1914 talem
901 1868 1140 1914 sumere

432 1954 892 2016 satisfactionem
909 1999 927 2026 ,

432 2073 553 2140 que
597 2057 879 2139 prestabit
919 2054 1196 2135 gaudium

434 2164 495 2221 et
537 2159 940 2229 sanationem,

438 2267 499 2321 et
542 2259 837 2322 medelam
881 2257 1145 2320 conferet

434 2361 610 2424 melle
658 2359 1048 2423 dulciorem.“

954 2529 1039 2583 26.

434 2625 655 2711 „Dicas
702 2650 843 2712 ergo
886 2635 1146 2706 iuvenis,

395 2735 601 2817 'quod
647 2736 705 2797 ln
751 2741 951 2797 mente
992 2737 1174 2815 geris,
1305 2753 1310 2757 ·

433 2853 506 2900 an
551 2844 858 2916 argentum
901 2835 1200 2915 postulas,

431 2956 541 3020 per
585 2934 744 3018 quod
789 2945 851 2999 tu
897 2936 1135 3010 diteris,

431 3043 731 3122 pretiosos
775 3037 1036 3118 lapides,

435 3158 508 3205 an
552 3140 713 3223 quod
757 3146 820 3202 tu
864 3141 1118 3211 ameris3

435 3257 571 3304 nam
615 3243 666 3304 si
711 3257 849 3303 esse
894 3242 1176 3322 poterit,.

436 3341 586 3406 dabo
630 3342 912 3424 quicquid
958 3343 1221 3427 queris!

960 3510 1045 3563 27.

436 3605 578 3678 Non
623 3620 714 3676 est
757 3612 820 3675 id
865 3613 1024 3693 quod
1069 3614 1306 3694 postulo

436 3721 587 3798 lapis
630 3735 744 3778 nec
787 3721 1125 3794 argentum,

436 3822 621 3882 immo
664 3817 921 3903 prebens
965 3816 1240 3878 omnibus

441 3924 628 3985 maius
670 3923 1123 3992 nutrimentum,

441 4023 587 4086 dans
631 4022 1063 4103 inpossibilibus

438 4127 668 4200 facilem
713 4132 1017 4195 eventum,

348 4280 353 4283 .
442 4233 504 4289 et
546 4225 706 4304 quod
750 4229 961 4309 mestis
1003 4221 1281 4303 gaudium

443 4327 624 4392 donat
665 4328 1049 4391 luculentum.

1405 387 1658 495 „¹44

2141 564 2225 618 28.

1612 656 1954 747 „Quicquid
1996 667 2177 740 velis,
2218 665 2350 729 talia
2416 644 2433 657 ’

1611 785 1848 848 nequeo
1893 768 2196 853 prescire,
2240 834 2249 845 ,

1611 869 1729 931 tuis
1770 876 1969 931 tamen
2013 870 2289 951 precibus

1612 977 1753 1048 opto
1801 973 2174 1042 consentire;

1614 1087 1756 1149 ergo
1801 1070 2081 1150 quicquid
2123 1069 2309 1155 habeo
2327 1117 2345 1144 ,

1612 1169 1857 1234 sedulus
1899 1173 2165 1251 inquire,

1611 1289 1857 1335 sumens
1900 1272 1964 1335 id
2007 1272 2169 1354 qnod
2214 1276 2442 1355 appetis

1608 1382 1783 1455 potes
1822 1376 2144 1441 invenire.“

2138 1540 2222 1596 29.

1611 1634 1771 1723 Quid
1814 1646 1994 1729 plus?
2039 1646 2205 1710 Collo
2248 1650 2489 1730 virginis

1608 1748 1843 1815 brachia
1885 1751 2126 1823 iactavi,

1613 1853 1774 1915 mille
1818 1851 1953 1915 dedi
1994 1854 2186 1926 basia,

1613 1955 1773 2017 mille
1824 1958 2150 2037 reportavi,

1612 2064 1788 2135 atque
1834 2074 1982 2141 sepe
2027 2060 2231 2141 sepius

1612 2157 1819 2221 dicens
1864 2160 2176 2222 affirmavi:

1613 2268 1778 2323 certe
1822 2268 1983 2323 certe
2026 2260 2171 2323 illud
2215 2267 2309 2323 est

1610 2359 1670 2423 id
1715 2361 1880 2442 quod
1918 2361 2197 2424 anhelavi.

2133 2530 2216 2585 30.
2328 2547 2331 2548 ⁷

1614 2622 1763 2709 Quis
1803 2634 2046 2713 ignorat·
2079 2632 2293 2694 amodo

1613 2741 1824 2797 cuncta
1868 2752 1989 2819 que
2032 2735 2364 2798 secuntur?

1613 2836 1797 2899 Dolor
1839 2842 1900 2898 et
1942 2839 2192 2917 suspiria

1612 2938 1818 3020 procul
1862 2939 2257 3020 repelluntur,

1612 3039 1864 3120 paradisi
1905 3040 2113 3119 gaudia

1613 3142 1785 3203 nobis
1825 3138 2226 3219 inducuntur,

1615 3250 1951 3327 cuncteque
1992 3242 2204 3329 delicie

1616 3344 1793 3407 simul
1836 3350 2227 3426 apponuntur.

2135 3516 2220 3568 31.

1512 3673 1524 3684 ,
1615 3605 1736 3677 Hie
1778 3616 2082 3697 amplexus
2126 3617 2405 3698 gaudium

1615 3726 1708 3781 est
1751 3721 2306 3803 centumplicatum‚

1616 3816 1724 3881 hic'
1758 3822 1998 3883 ‘meum'
2043 3831 2104 3885 et
2146 3821 2390 3907 domine

1614 3922 1861 4001 pullulat
1901 3927 2191 4001 optatum,

1619 4022 1711 4083 liic
1752 4031 2043 4086 amantum
2085 4023 2344 4085 bravium

1617 4130 1711 4186 est
1752 4143 1786 4187 a
1829 4143 1924 4187 me
1968 4134 2300 4206 portatum,

1616 4225 1715 4286 hic
1756 4234 1848 4288 est
1891 4246 2089 4291 meum
2134 4231 2311 4310 igitur

1620 4344 1840 4392 nomen
1884 4330 2213 4395 exaltatum.
