3155 4946
555 499 819 563 Bachum
863 501 997 565 colo

556 604 688 665 sine
733 601 871 665 dolo
886 650 903 675 ,

556 707 695 784 quia
738 705 872 767 volo

557 806 719 886 quod
758 825 828 869 os
872 825 1073 869 meum
1111 806 1291 869 bibat.

1091 925 1146 979 2.

546 999 681 1074 Hac
722 1012 785 1071 in
826 1013 1002 1091 plana
1043 1010 1242 1073 tabula

548 1129 715 1174 mora
757 1112 932 1175 detur
972 1111 1180 1175 sedula
1198 1157 1215 1185 ,

548 1231 725 1296 pares
770 1215 1012 1300 ‘nostre'
1055 1222 1249 1276 sortes

546 1322 811 1397 pugnant
851 1317 1006 1378 sicut
1047 1316 1233 1378 fortes
1247 1362 1266 1389 ,

546 1434 687 1481 nam
728 1433 839 1496 per
878 1416 1086 1480 ludum

547 1518 678 1580 fero
721 1518 945 1583 dudum

549 1619 794 1683 dorsum
838 1620 1061 1683 nudum

547 1727 613 1785 nt
655 1723 775 1785 mei
819 1729 1147 1785 consortes.

545 1913 868 2004 Nunquam
910 1926 1025 1988 erit
1066 1838 1275 1987 h³abilis
1291 1970 1308 1998 ,

546 2028 651 2106 qui
692 2045 812 2089 non
853 2034 948 2090 est
989 2026 1279 2089 instabilis

1080 2543 1132 2597 1.

541 2612 794 2699 Biecn,
836 2627 1194 2689 benevenies

543 2734 746 2808 gratus
788 2734 853 2789 et
893 2735 1132 2808 optatus
1148 2774 1166 2801 ,

541 2843 652 2908 per
694 2845 874 2907 quem
915 2837 1120 2892 noster
1163 2831 1392 2893 animus

541 2927 608 2990 ῆι
651 2930 983 3013 letificatus.

1637 328 1765 400 238

1735 508 1797 564 et
1839 502 2019 564 corde
2062 499 2318 564 iocundo

1735 622 1854 666 non
1894 605 1975 665 sit
2015 621 2198 683 vagus
2242 600 2496 673 mundo,

1735 712 1797 767 et
1839 711 2104 767 recurrat

1734 814 1796 869 et
1840 814 2200 869 transcurrat

1734 915 1795 970 et
1838 907 2130 970 discurrat

1730 1012 1789 1071 in
1832 1010 1976 1072 orbe
2021 1010 2291 1073 rotundo.

2260 1198 2314 1251 4.

1729 1306 1993 1378 Simon
2034 1318 2097 1376 in
2139 1313 2520 1379 Alsatiam

1726 1419 1966 1482 visitare
2009 1420 2260 1497 patriam

1726 1523 1889 1584 venit
1931 1517 2005 1581 ad
2049 1519 2375 1582 confratres
2388 1566 2406 1585 .

1725 1623 1964 1684 visitare
2006 1627 2206 1700 partes
2223 1667 2240 1690 ,

1724 1722 1824 1784 ubi
1865 1725 2068 1786 vinum

1725 1832 1790 1886 et
1830 1826 2091 1888 albinum

1724 1933 1787 1986 et
1831 1927 2086 1988 rufinum

1726 2033 1933 2106 potant
1976 2032 2162 2090 nostri
2204 2028 2439 2091 fratres.

1626 2339 1789 2413 178.

1580 2459 1685 2514 (tol.
1714 2461 1808 2512 89.)

1719 2625 2072 2698 Ierusalem,
2117 2632 2180 2686 et
2219 2622 2484 2705 Babylon

1718 2728 1933 2810 regalis
1976 2727 2210 2790 ditatur.

1716 2924 1807 2998 Ex
1848 2934 1962 2995 hoc
2006 2932 2230 3012 scypho
2260 2844 2500 2994 ⁴conscii

542 3018 703 3092 Rea.
721 3019 889 3094 Istud
916 3035 1149 3104 vinum,
1192 3034 1414 3095 bonum
1444 3035 1666 3106 vinum,
1715 3036 1920 3097 bibent
1962 3036 2056 3096 sui
2098 3033 2318 3096 domini
2338 3079 2354 3105 ,

712 3135 912 3194 vinum
957 3150 1314 3212 generosum
1713 3137 1918 3199 hibent
1960 3138 2053 3197 sui
2098 3138 2277 3207 socii,

711 3233 906 3294 reddit
947 3236 1137 3297 virum
1181 3235 1496 3307 curialem,
1715 3237 1918 3300 bibent
1961 3243 2021 3299 et
2064 3239 2255 3298 amici.

714 3335 992 3414 probum,
1038 3339 1386 3400 animosum.
2258 3358 2306 3406 5.

1717 3431 1959 3504 Bachus
2003 3442 2155 3504 forte
2200 3456 2486 3520 superans

1718 3555 1961 3627 pectora
2002 3549 2259 3609 virorum

1717 3651 1779 3710 in
1823 3666 2084 3710 amorem
2130 3650 2387 3710 concitat

1717 3754 1942 3813 animos
1988 3769 2211 3813 eorum.

1079 3490 1132 3541 2.

539 3581 665 3655 Iste
709 3591 967 3671 scyphus
1010 3609 1302 3653 concavus

543 3693 617 3756 de
661 3694 816 3758 hono
862 3710 1027 3754 mero
1072 3692 1368 3772 profluuS,

541 3797 594 3855 si
639 3797 771 3874 quis
815 3795 959 3856 bibit
1001 3798 1204 3877 sepius
1229 3841 1243 3864 ‚

541 3903 711 3958 satur
752 3896 816 3956 fit
860 3902 920 3958 et
963 3897 1179 3958 ebrius,

1072 4047 1120 4098 3.

540 4140 672 4234 Hec
718 4154 855 4210 sunt
896 4168 1035 4212 vasa
1082 4153 1279 4232 regia,

542 4254 753 4333 quibus
795 4251 1079 4331 spoliatur

2253 3866 2302 3918 6.

1714 3943 1953 4016 Bachus
1999 3973 2141 4038 sepe
2184 3957 2424 4017 visitans

1716 4056 2028 4119 mulierum
2074 4075 2260 4135 genus

1716 4157 1859 4218 facit
1901 4175 2001 4217 eas
2047 4156 2308 4217 subditas

1716 4258 1852 4330 tibi,
1897 4276 1956 4319 o·
1978 4265 2041 4320 tu
2085 4257 2304 4320 Venus.
