3155 4946
1043 561 1095 614 8.

505 651 643 723 Ave
687 662 1151 735 formosissima,

505 783 739 845 gemma
782 767 1076 845 pretiosa,

507 887 613 931 ave
658 868 842 928 decus
891 869 1211 948 virginum,

506 971 669 1050 virgo
712 968 1002 1048 gloriosa,

507 1088 614 1135 ave
659 1070 864 1132 mundi
908 1072 1195 1132 ‘luminat’

507 1191 614 1233 ave
659 1172 862 1232 mundi
903 1191 1073 1244 rosa,

500 1272 928 1335 Blanziflor
973 1281 1034 1335 et
1075 1273 1334 1347 Helena,

503 1376 704 1438 Venus
749 1393 1062 1456 generosa.

1041 1545 1095 1598 9.

504 1640 676 1712 Tune
721 1647 1064 1728 ‘respondit'
1109 1649 1386 1730 inquiens

501 1752 671 1815 stella
716 1754 1028 1815 matutina:

501 1854 638 1929 „ille
684 1856 785 1934 qni
828 1854 1129 1915 terrestria

497 1958 650 2037 regit
693 1964 753 2017 et
798 1957 991 2018 divina

502 2057 647 2121 dans
689 2062 751 2121 in
797 2060 974 2120 herba
1018 2057 1202 2123 violas

502 2165 564 2225 et
604 2178 771 2222 rosas
816 2163 877 2221 in
920 2161 1090 2239 spina

497 2262 603 2324 tibi
643 2263 834 2334 salus,
880 2263 1061 2340 gloria

499 2367 574 2429 sit
615 2370 678 2427 et
721 2364 1071 2426 medicina.“

1025 2532 1104 2584 10.

498 2632 617 2702 Cui
661 2638 808 2700 dixi:
857 2638 1236 2709 dulcissima,

497 2758 606 2803 eor
647 2740 791 2801 mihi
833 2739 1075 2810 fatetur,

500 2842 663 2924 quod
705 2859 876 2904 meus
917 2841 1033 2903 fert
1073 2842 1338 2914 animus,

495 2951 564 3008 ut
605 2964 713 3028 per
755 2953 815 3006 te
858 2943 1148 3017 salvetur,

498 3065 637 3111 nam
682 3045 836 3125 ‘ego’
882 3045 1179 3127 quondam
1225 3046 1442 3120 didici,

495 3151 650 3213 sieut
692 3147 1030 3229 perbihetur
1046 3194 1062 3220 ‚

498 3250 658 3332 quod
700 3251 799 3312 ille
846 3252 946 3330 qui
991 3250 1242 3330 pereutit

495 3352 706 3416 melius
750 3353 1039 3416 medetur.

1022 3521 1104 3576 11.

495 3617 674 3706 „Mea
717 3627 804 3688 sio
848 3622 1105 3709 ledentia

490 3731 608 3792 iam
652 3729 837 3790 fuisse
885 3727 1037 3797 tela,

493 3830 676 3901 dieis;
721 3847 907 3908 nego;
956 3828 1065 3890 sed
1107 3836 1308 3891 tamen

491 3935 684 4013 posita
729 3930 1002 4011 querela,

490 4037 704 4100 vulnus
749 4040 925 4115 atque
971 4034 1228 4096 vulneris

492 4156 699 4201 causas
745 4153 903 4197 nuno
947 4135 1180 4206 revela,

487 4241 610 4312 vis,
654 4245 712 4300 te
757 4255 962 4299 sanem
1005 4235 1387 4318 postmodum

490 4341 694 4424 gracili
735 4339 1021 4402 medela.“

1612 391 1736 461 142

2215 566 2298 618 12.

1692 659 1953 731 Vulnera
1995 687 2101 732 eur
2143 668 2449 750 detegam,

1692 788 1812 855 que
1856 775 1997 832 sunt
2037 771 2380 834 manifesta?

1692 880 1849 956 estas
1896 875 2096 950 quinta
2139 873 2342 953 periit,

1688 982 1965 1055 properat
2009 993 2083 1037 en
2127 982 2326 1046 sexta,

1689 1077 1846 1155 quod
1888 1084 1946 1138 te
1990 1079 2049 1138 in
2095 1076 2350 1155 tripudio

1690 1178 1938 1256 quadam
1987 1179 2081 1240 die
2127 1179 2276 1241 festa

1683 1276 1833 1349 vidi;
1881 1282 2110 1342 eunetis
2153 1280 2459 1361 speculum

1686 1396 1818 1443 eras
1865 1389 1929 1465 et⁸
1966 1381 2241 1445 fenestra.

2203 1547 2284 1600 13.

1685 1642 1839 1715 Cum
1886 1650 2161 1714 vidissem
2204 1654 2437 1734 itaque,

1683 1754 1817 1837 cepi
1863 1759 2007 1814 tune
2050 1754 2280 1827 mirari,

1684 1854 1924 1915 dicens:
1972 1872 2116 1915 eece
2161 1855 2373 1919 mulier

1684 1955 1858 2035 digna
1903 1959 2201 2029 venerari,

1680 2059 1797 2142 hee
1840 2057 2184 2122 ‘exscendit'
2228 2060 2481 2139 virgines

1683 2167 1925 2223 cunetas
1970 2163 2192 2242 absque
2235 2166 2401 2243 pari,

1680 2262 1795 2347 beo
1839 2270 1934 2325 est
1977 2263 2130 2325 clara
2171 2265 2358 2338 faeie,

1682 2364 1798 2448 hee
1841 2373 1933 2427 est
1975 2358 2171 2429 v'ultus
2216 2368 2373 2431 clari.

2205 2538 2284 2590 14.

1679 2627 1858 2700 Visus
1902 2647 2035 2702 tuus
2079 2642 2426 2722 splendidus

1680 2746 1804 2800 erat
1847 2748 1907 2802 et
1950 2758 2228 2824 amenus,

1675 2847 1955 2923 tanquam
1999 2860 2100 2906 aer
2141 2844 2411 2917 lucidus,

1677 2944 1871 3005 nitens
1917 2950 1978 3006 et
2025 2963 2309 3018 serenus;

1678 3042 1834 3106 unde
1879 3044 1995 3108 dixi
2037 3050 2272 3131 sepius:

1678 3143 1856 3218 deus,
1903 3146 2051 3209 deus
2095 3167 2298 3223 meus,

1679 3255 1847 3310 estne
1889 3248 1986 3311 illa
2029 3249 2288 3323 Helena,

1677 3349 1773 3414 vel
1814 3356 1909 3413 est
1953 3350 2063 3414 dea
2104 3349 2348 3415 Venus?

2197 3519 2280 3572 15.

1673 3617 1884 3692 Aurea
1928 3628 2167 3690 mirifice

1675 3748 1844 3792 coma
1889 3728 2287 3811 dependebat,

1672 3839 1968 3912 tamquam
2012 3848 2204 3891 massa
2250 3830 2417 3889 nivea

1671 3934 1805 4012 gula
1849 3933 2280 4002 candescebat,

1669 4045 1878 4116 peetus
1924 4040 2047 4095 erat
2090 4032 2332 4111 gracile,

1669 4139 1895 4208 eunetis
1940 4138 2244 4207 innuebat,

1671 4236 1832 4316 quod
1878 4254 2061 4316 super
2101 4244 2357 4299 aromata

1669 4343 1880 4400 cuneta
1923 4336 2241 4401 redolebat.
