3155 4946
1598 319 1683 385 58

1039 488 1088 541 9.

473 568 631 638 Dido
677 576 889 638 nobilis
1673 583 1733 639 et
1774 594 1872 639 me
1915 595 2267 658 susceperas

473 686 673 760 spreta
715 678 1094 760 relinquitur,
1671 680 1805 761 plus
1851 697 2030 759 quam
2072 680 2321 760 hospitio
2337 727 2353 752 ,

473 790 651 863 atque
694 780 937 867 Lavinis
1666 788 1724 844 et
1769 781 2188 844 sublimaveras

481 884 767 948 thalamus
811 886 1076 971 sequitur
1095 932 1111 958 ,
1662 886 1723 945 in
1766 885 1931 964 regni
1975 884 2144 947 solio.

477 991 538 1048 et
579 983 750 1048 Anna
793 1004 1053 1066 propere.
2188 1002 2265 1054 15.

470 1105 582 1168 pro
626 1106 795 1175 maga
837 1090 1096 1151 mittitur.
1663 1077 1754 1151 Tu
1798 1084 1942 1146 milii
1984 1086 2182 1163 fueras

754 1182 765 1195 ’
997 1205 1077 1257 1ο.
1657 1191 1776 1273 vite
1820 1187 2176 1259 subsidium,

473 1280 529 1354 Ο
572 1295 734 1359 ensis
777 1294 1032 1377 perfide,
1659 1289 1769 1354 sed
1814 1307 1928 1369 ego
1971 1308 2104 1352 sum
2148 1290 2266 1383 tilii⁸

473 1396 704 1459 fortiter
741 1396 841 1459 ilia
1658 1395 1866 1456 mortis
1910 1393 2183 1463 exitium3
2310 1448 2317 1455 .

470 1516 601 1561 mea
643 1499 1048 1580 pertransiens
1661 1513 1836 1576 quam
1883 1493 2230 1558 detestabile

474 1599 648 1663 deme
692 1602 968 1681 suspiria!
1658 1603 1752 1659 est
1795 1597 1909 1659 hoc
1954 1599 2406 1662 commercium!

466 1704 749 1773 Amantes
793 1704 1020 1776 miseri,
2179 1715 2259 1768 16.

465 1805 670 1868 timete
688 1807 867 1870 -talia.
1656 1789 1937 1878 Quamvis
1981 1819 2183 1865 essem
2227 1804 2454 1884 ‘procul

999 1925 1076 1975 11.
1653 1902 1893 1987 pauper’
1937 1922 1972 1967 a
2013 1907 2230 1986 patria,

465 2000 666 2073 Encas
709 2009 953 2073 audiens
1410 2078 1415 2082 ,
1652 2007 2025 2092 preponebas
2069 2013 2267 2070 tamen

463 2115 581 2176 iam
623 2114 686 2174 in
727 2113 918 2196 ltalia,
1649 2113 1710 2172 in
1753 2112 1838 2173 tui
1880 2112 2063 2189 gratia

465 2218 527 2278 in
571 2221 789 2296 quanta
832 2215 974 2276 obiit
1648 2210 1825 2296 «ἰατὴρ
1868 2209 2005 2273 ‘me'
2045 2210 2222 2273 nobili
2238 2255 2257 2284 ,

461 2315 617 2380 Dido
660 2317 930 2387 miseria,
1651 2331 1833 2394 quern
1874 2315 2074 2377 tremit
2114 2312 2309 2395 Libya.

462 2424 523 2482 ct
566 2417 729 2499 quod
776 2417 1041 2499 dispersa
1084 2418 1161 2480 sit
1603 2406 1606 2409 ’
2174 2431 2253 2486 17.

463 2522 593 2584 eius
635 2520 880 2594 familia,
1651 2505 1846 2594 Quam
1887 2536 2033 2603 sepo
2077 2526 2407 2582 commovet

990 2638 1074 2690 12.
1649 2637 1747 2683 me
1791 2620 1944 2683 clara
1987 2620 2198 2693 iacies,

462 2714 601 2786 Mox
643 2723 840 2787 crines
884 2722 1127 2805 dissipat
1648 2720 1839 2784 dulcis
1879 2721 2168 2785 anhelitus
2192 2766 2210 2793 ,

464 2845 603 2890 curn
646 2832 818 2889 vesto
857 2827 1048 2888 serica
1647 2830 1808 2904 grata
1852 2826 2143 2907 cesaries,

464 2930 566 3012 qui
604 2929 776 2993 tortis
820 2930 1040 2992 vicerat
1647 2924 2044 2989 membrorum
2089 2926 2349 2989 omniurn

459 3039 552 3095 tot
592 3031 804 3094 damna
846 3030 1072 3094 bellica.
1644 3026 1908 3089 mitanda
1952 3027 2221 3106 speciest

458 3133 632 3195 Nunc
677 3130 914 3196 demum
959 3133 1213 3197 clamitat
2013 3175 2038 3194 ..
2161 3144 2242 3197 18.

459 3253 610 3301 voce
651 3232 954 3297 ‘heroica'.:
1454 3302 1459 3306 q
1641 3222 1762 3296 Pro
1804 3232 1894 3294 his
1941 3231 2279 3295 exciderant

989 3349 1068 3403 13.
1640 3354 1674 3396 a
1716 3331 1898 3395 corde
1941 3334 2177 3411 penitus

459 3427 599 3499 Non
641 3437 757 3522 hec
798 3436 1195 3512 credideram,
1641 3434 1881 3498 dolores
1923 3438 2114 3520 patrie

458 3537 614 3602 Dido
636 3582 653 3609 ,
699 3538 860 3619 quod
902 3539 1078 3601 audio
1096 3586 1114 3611 ,
1641 3543 1703 3600 et
1743 3554 1952 3614 graves
1994 3538 2246 3617 gemitus

459 3637 624 3721 quod
663 3640 1027 3703 interficeres
1639 3640 1829 3720 gentis
1873 3644 1936 3700 et
1978 3640 2246 3718 coniugis
2459 3677 2496 3712 ,κ

458 3749 519 3804 tc
561 3759 698 3803 meo
744 3742 961 3821 gladio,
1639 3746 1699 3803 ct
1739 3742 1921 3821 patris
1965 3741 2175 3803 obitus.

459 3851 525 3906 ut
566 3861 765 3905 essem
807 3845 909 3904 tibi
2166 3855 2250 3909 19.

461 3947 663 4008 mortis
707 3947 959 4008 occasio.
1636 3934 1777 4006 Non
1819 3962 2061 4024 semper
2103 3945 2243 4007 utile

983 4063 1061 4115 14.
1637 4053 1730 4107 est
1770 4045 1881 4107 diis
1926 4045 2203 4119 credere,

460 4138 658 4209 Naves
700 4148 994 4211 refeceras
1024 4205 1039 4216 .
1368 4213 1373 4221 ,
1634 4165 1747 4209 nec
1791 4146 2072 4227 quicquid
2117 4154 2456 4210 ammonent

408 4283 423 4296 -
463 4267 706 4329 quassas
748 4250 1046 4328 naufragio
1062 4294 1078 4321 ,
1314 4302 1321 4308 .
1635 4250 1788 4312 velle
1830 4249 2117 4329 perlicere
2133 4296 2149 4320 ,
