3155 4946
1068 479 1155 535 5⁴.

443 618 480 655 ’.ς
542 569 728 643 Multa
771 581 846 644 de
888 584 1188 667 preteritis

541 682 718 745 rebus
763 690 827 746 et
863 687 1080 764 ignotis
1216 704 1223 714 ·

542 793 711 849 erant
751 787 1108 850 mirabilibus

538 886 620 948 ibi
662 889 892 968 sculpta
933 891 1118 962 notis,

538 991 745 1074 nuptie
786 988 1069 1053 Mercurii

539 1093 771 1169 superis
815 1091 1066 1154 admotis
1080 1136 1097 1164 ,

536 1188 713 1275 fedus
753 1194 1109 1255 matrimonii
1122 1238 1139 1265 ,

535 1289 839 1372 plenitudo
885 1293 1057 1357 dotis.

1058 1463 1141 1517 55.

532 1553 749 1628 Nullus
791 1566 871 1628 ihi
911 1567 1084 1651 locus
1125 1573 1220 1631 est

531 1684 755 1731 vacuus
798 1676 900 1732 aut
940 1669 1179 1751 planus,

530 1765 709 1830 habet
750 1768 884 1848 plus
900 1816 917 1844 ,
961 1787 1141 1850 quam
1182 1771 1374 1852 capiat

530 1870 759 1933 animus
803 1872 1109 1935 humanus.

528 1965 707 2035 Solus
748 1971 909 2035 sslam
950 1973 1281 2054 sculpserat

526 2070 642 2155 hec
685 2081 961 2154 spectans
1004 2074 1335 2149 Vulcanus,

524 2174 621 2236 vix
662 2174 778 2260 hec
821 2193 960 2240 suas
1004 2175 1253 2241 credidit

523 2278 793 2355 potuisse
835 2296 1062 2344 manue.

524 2537 922 2632 Pretermisso
970 2549 1162 2631 clipeo

524 2647 849 2713 ‘Mulciber'
890 2649 1133 2713 Achillis

522 2750 806 2814 laboravit
848 2751 1148 2831 phaleras,

524 2859 586 2917 et
625 2851 868 2916 indulsit
905 2853 1051 2927 illis;

521 2956 870 3019 ferraturam
912 2955 1189 3035 pedibus,

523 3063 585 3119 et
626 3056 860 3119 frenum
900 3056 1146 3120 maxillis
1160 3102 1178 3131 ,

524 3165 585 3222 et
624 3158 884 3222 habenas
926 3160 1148 3223 addidit

522 3259 605 3322 de·
640 3277 864 3345 sponse
908 3261 1150 3341 capillis.

1036 3419 1120 3473 57.

523 3509 750 3582 Sellam
791 3521 935 3583 texit
974 3539 1231 3602 purpura
1246 3569 1263 3596 ,

519 3622 826 3684 subinsuto
865 3622 1047 3702 bysso
1065 3668 1083 3695 ,

521 3739 696 3802 quam
736 3719 1001 3785 Minerva
1014 3767 1031 3795 ,
1075 3723 1302 3803 reliquo

519 3824 714 3887 studio
758 3824 1001 3888 dimisso
1016 3873 1032 3898 ,

519 3926 804 3988 ‘acantho’
847 3929 1112 3990 texuerat

519 4033 581 4089 et
623 4026 770 4090 flore
812 4031 1106 4101 narcisso,

519 4134 579 4190 et
620 4146 729 4208 per
770 4137 969 4207 partes
1011 4131 1308 4211 ‘margine'

515 4227 815 4293 fabricavit
855 4234 1067 4295 scisso.

1643 308 1766 382 162

2247 488 2326 542 58.

1718 575 2078 666 Equitabant
2115 593 2334 670 pariter

1719 689 1891 773 ambe
1936 690 2250 776 domicello
2265 740 2281 765 ‚

1715 789 1910 852 vultus
1951 794 2273 856 verecundi
2315 801 2451 856 sunt

1715 895 1778 951 et
1820 909 1973 976 gene
2017 893 2256 978 tenelle.

1714 990 1815 1052 Sic
1858 1000 2168 1073 emergunt
2209 995 2355 1067 lilia,

1713 1094 1799 1154 sic
1843 1111 1982 1177 rose
2026 1095 2260 1180 novelle
2276 1143 2292 1168 ‚

1712 1194 1799 1253 sic
1844 1192 2165 1258 decurrunt
2207 1199 2424 1276 pariter

1712 1292 1830 1378 due
1876 1295 1992 1379 celi
2032 1297 2224 1383 stelle.

2228 1464 2310 1517 59.

1707 1552 1814 1626 Ad
1854 1564 2090 1626 Amoris
2133 1563 2430 1630 destinant

1707 1666 1796 1727 ire
1838 1665 2209 1745 paradisum;

1707 1765 1896 1830 dulcis
1937 1770 2025 1831 ira
2069 1776 2384 1833 conmovet

1706 1871 2014 1949 utriusque
2058 1870 2315 1943 ‘visum'3

1705 1972 1862 2048 paris
1906 1970 2353 2050 pulchritudinis

1705 2069 1887 2134 decus
1931 2080 2023 2139 est
2063 2072 2311 2148 illisum;

1701 2169 1817 2235 fert
1857 2169 2076 2253 Phyllis
2119 2176 2458 2255 accipitrem

1701 2288 1875 2336 manu
1890 2318 1907 2346 ,
1952 2274 2124 2337 Flora
2166 2278 2379 2340 nisum.

2224 2443 2308 2500 60.

1697 2534 1888 2609 Parvo
1930 2553 2120 2610 tractu
2162 2548 2448 2626 temporis

1697 2664 1905 2710 nemus
1949 2654 2042 2709 est
2081 2649 2400 2714 inventum.

1695 2747 1789 2810 Ad
1829 2751 2162 2829 ingressum
2205 2752 2464 2814 nemoris

1606 2855 1609 2860 '
1697 2863 2022 2916 murmurat
2063 2853 2379 2928 fluentum,

1694 2962 1906 3018 ventus
1948 2954 2087 3018 inde
2133 2955 2361 3017 redolet

1695 3057 1991 3135 myrrham
2033 3063 2095 3117 et
2137 3059 2499 3136 pigmentum
2512 3101 2529 3129 ,

1695 3156 2009 3220 audiuntur
2049 3163 2326 3238 tympana

1696 3258 2056 3343 cythareque
2101 3267 2357 3322 centum.

2212 3420 2293 3473 61.
2326 3446 2331 3450 ·

1692 3512 1990 3601 Quicquid
2030 3526 2228 3601 potest
2266 3521 2571 3586 hominum

1693 3622 2112 3703 comprehendi
2153 3629 2354 3686 mente

1689 3732 1880 3788 totum
1921 3725 2001 3787 ihi
2042 3726 2297 3803 virgines

1690 3827 1932 3890 audiunt
1974 3835 2255 3908 repente3

1688 3946 1902 3991 vocum
1945 3928 2277 4013 differentis?

1689 4040 1825 4093 sunt
1865 4032 1986 4093 illic
2028 4035 2301 4115 inventez

1688 4142 1858 4197 sonat
1902 4135 2299 4205 diatessaron,

1686 4242 1857 4298 sonat
1898 4237 2189 4317 diapente.
