3155 4946
523 543 679 640 Vrbs
723 581 950 639 sacrata
987 489 1201 662 egi-tus

522 688 585 742 et
627 687 812 742 amata
856 682 1126 759 superiS,

521 782 668 862 legis
710 781 1152 844 tabernaculum
1177 826 1194 854 ,

520 883 806 963 templum
849 883 1028 969 arche
1071 889 1132 945 et
1157 881 1423 968 ¹federis,

1632 315 1718 390 34

1703 580 1763 640 in
1806 578 1956 640 hanc
1999 578 2173 640 mittit
2213 578 2502 642 Dominus

1701 682 1896 759 ignem
1941 682 2105 743 annis
2149 681 2426 760 singulis,

1704 783 1992 863 hospitale
2034 801 2359 864 pauperum

1705 894 1763 948 et
1810 885 2035 966 asylum
2079 886 2331 947 miseris.

1060 1429 1111 1485 1.

519 1503 685 1578 Ano
728 1513 864 1596 Xpi.
905 1516 1325 1578 incarnationis

520 1633 674 1679 anno
714 1623 920 1701 nostre
962 1618 1351 1696 reparationis

521 1717 837 1780 millesimo
881 1719 1210 1781 centesimo

520 1821 955 1899 septuagesimo
1000 1822 1257 1900 septimo

517 1938 622 1984 rex
665 1926 872 2005 eterne
914 1920 1102 2006 glorie

520 2022 678 2086 dono
721 2041 833 2109 sue
876 2027 1060 2109 gratie

518 2125 895 2187 tenebrosam
939 2124 1212 2188 nebulam

519 2228 811 2290 scismatis
855 2226 1099 2306 fugavit,

520 2344 918 2409 quassamque
961 2325 1290 2389 navicuhm

518 2430 778 2493 Simonis
822 2429 1078 2493 salvavit.

1057 2544 1111 2601 2.
1192 2557 1219 2568 ⁰

518 2625 658 2700 Hoc
703 2635 882 2697 chaos
927 2635 1129 2697 orbem
1174 2629 1526 2702 obduxerat,

512 2731 695 2802 immo
738 2735 1025 2798 infecerat

520 2841 688 2902 annis
734 2844 943 2918 quater
984 2837 1177 2919 quinis

517 2944 866 3006 scismatum
906 2939 1166 3019 pruinis,

518 3042 770 3107 scintilla
811 3042 1067 3104 caritatis

518 3145 746 3212 aberat-
774 3144 923 3206 tacta
965 3145 1082 3206 iam
1125 3127 1293 3205 cinis?

1022 3245 1108 3311 ’3.

515 3338 654 3436 Hoc
697 3347 884 3411 decus
928 3347 1250 3433 concordie

515 3452 707 3513 sanxit
745 3448 858 3511 flos
901 3449 1221 3535 saxonie

515 3556 721 3615 noster
759 3552 898 3614 felix
940 3552 1200 3633 pontifex

514 3652 881 3717 wichman
896 3670 934 3712 n
946 3670 986 3714 u
998 3672 1028 3715 s
1060 3653 1252 3716 omnis
1264 3654 1426 3735 pacis
1439 3655 1642 3718 artifex

517 3756 664 3817 mira
706 3754 885 3834 gratia
901 3799 920 3827 ,

516 3872 627 3937 per
670 3870 847 3935 quem
890 3853 1021 3917 talia

517 3959 665 4021 fiunt
705 3956 947 4019 consilia

521 4078 640 4145 que
681 4058 839 4123 hunc
878 4076 1113 4122 erorem

520 4163 715 4228 valent
756 4159 1043 4223 reducere

519 4267 608 4330 sic
650 4265 722 4329 ad
765 4267 929 4345 pacis
970 4257 1276 4327 honorem.

1564 1161 1785 1235 XXIX.

1571 1298 1669 1366 (rot
1689 1282 1782 1364 ¹1⁷.)
2605 1340 2640 1371 .,

2239 1429 2288 1480 4.

1702 1502 1908 1575 Victor
1950 1514 2320 1594 imperatoris

1702 1617 1863 1679 ensis
1908 1632 2044 1677 cum
2086 1634 2371 1686 mucrone

1700 1717 1886 1787 Petri,
1929 1718 2110 1799 prisci
2151 1720 2336 1781 moris

1705 1817 1981 1890 ‘unitate'‚
2028 1818 2313 1881 dimicans

1652 1956 1656 1961 -
1702 1920 1959 2000 feliciter*
1994 1922 2233 1983 maioris

1702 2024 1815 2086 vim
1860 2021 2127 2085 ‘resecat’
2170 2022 2406 2084 erroris.

2240 2155 2291 2209 5.

1703 2250 1944 2331 Gaude,
1989 2265 2175 2321 mater
2218 2261 2404 2322 Roma
2446 2260 2826 2338 triumphalis,

1701 2380 1880 2434 ecce,
1924 2365 2099 2422 nauta
2141 2360 2254 2420 iam
2299 2358 2640 2422 universalis

1701 2461 1775 2526 de
1819 2458 2112 2543 profundo
2155 2460 2332 2522 maris
2374 2458 2567 2520 hieme

1696 2566 1922 2644 remige
1965 2564 2198 2643 integro

1697 2674 1933 2748 portum
1976 2667 2141 2745 pacis
2187 2665 2358 2738 adiit,

1697 2768 1838 2832 dum
1880 2769 2113 2847 pietatis
2158 2766 2454 2829 dexteram
2473 2764 2475 2767 ’
2494 2765 2700 2845 tetigit.

1695 2869 1855 2932 Felix
1900 2886 2151 2931 acumen
2195 2868 2367 2931 huius
2411 2869 2651 2941 mentis,

1698 2974 1799 3053 qui
1842 2990 1980 3034 cum
2023 2973 2205 3033 tribus
2250 2971 2555 3034 elementis

1649 3093 1651 3095 ’
1694 3075 1822 3156 aliis
1866 3090 1935 3135 ac
1979 3072 2193 3134 dirimit

1694 3177 1855 3238 litem
1898 3177 2061 3257 pacis
2104 3175 2447 3256 ligamentis.

2238 3309 2290 3364 6.

1694 3407 1872 3500 Nunc
1918 3415 2059 3475 Sion
2105 3413 2320 3498 letetur
2362 3430 2540 3492 gens,

1696 3520 1830 3599 quia
1875 3516 2147 3578 dominus
2191 3533 2481 3595 exurgens

1691 3621 1978 3681 miserans
2005 3603 2128 3679 „cor
2168 3618 2344 3691 lenit,

1691 3727 1929 3800 tempus
1974 3721 2134 3781 enim
2179 3718 2350 3783 venit.

2232 3853 2283 3904 7.

1693 3948 1889 4020 Huius
1929 3958 2068 4044 guni
2112 3957 2399 4037 magnalia

1696 4064 1834 4123 sunt
1875 4042 2071 4144 iub‘ilei
2116 4060 2354 4138 gaudia,

1697 4161 2084 4241 exstirpantur
2126 4163 2382 4234 zizania,

1706 4262 1881 4328 flavet
1922 4281 2097 4344 seges
2143 4265 2408 4335 triticea,·

2467 4155 2502 4182 φ.
