3155 4946
1616 310 1702 378 50

1451 490 1768 566 LXXXVI
1799 510 1860 564 a.

710 631 848 704 Luit
897 643 958 703 in
1026 640 1298 703 humanis
1346 640 1536 704 divina
1579 643 1842 723 potentia
1887 639 2062 700 rebus

872 743 943 806 Et
986 747 1209 805 certam
1254 760 1508 827 presens
1555 745 1645 805 vix
1684 743 1861 805 habet
1900 741 2043 803 hora
2087 738 2259 801 diem.

1471 1089 1830 1164 LXXXVII.

1542 1234 1636 1287 (rol.
1661 1232 1750 1284 ω.)

492 1332 625 1405 Du!
664 1341 1062 1422 Philippus
1104 1343 1350 1406 moritur
1676 1338 1846 1412 Heu,
1891 1355 2011 1418 quo
2056 1332 2428 1415 progreditur

498 1442 821 1506 Palatini
866 1442 1058 1524 gladio
1076 1490 1092 1515 ,
1677 1438 1814 1503 fidei
1854 1437 2282 1517 transgressio!

496 1546 682 1608 virtus
725 1562 862 1607 mox
907 1546 1230 1607 conteritur
1676 1541 1797 1604 Lex
1838 1558 2034 1602 amaru
2078 1540 2321 1617 legitur,

493 1647 779 1709 scelerosi
819 1647 992 1719 vitio,
1677 1644 1821 1706 dum
1862 1649 2024 1705 caret
2064 1640 2383 1720 principio,

495 1747 685 1811 dulcis
730 1765 863 1811 mos
913 1749 1201 1829 obtegitur
1678 1746 1796 1808 mel
1837 1746 1899 1807 in
1943 1745 2023 1808 fel
2065 1746 2453 1816 convertitur,

493 1868 527 1912 a
572 1850 691 1913 doli
736 1850 970 1912 diluvio.
1676 1850 1834 1915 nulla
1874 1851 2029 1928 viget
2071 1850 2237 1911 ratio.

1429 2204 1770 2277 LXXXVII
1798 2226 1858 2277 a.

2125 2343 2328 2394 Versus.

694 2459 862 2532 Ante
903 2470 1014 2533 Dei
1058 2470 1280 2534 vultum
1322 2470 1404 2533 nil
1446 2469 1609 2549 pravi
1652 2476 1884 2533 constat
1923 2471 2189 2533 inultum.

690 2576 922 2650 Felices
967 2589 1124 2650 oculi
1167 2590 1268 2668 qui
1311 2592 1564 2649 cernunt
1606 2586 1813 2666 gaudia
1860 2588 2005 2672 celi!

695 2695 939 2768 Grande
984 2706 1183 2769 scelus
1226 2705 1428 2784 grandi
1473 2705 1670 2768 studio
1714 2704 1891 2770 debet
1933 2710 2215 2787 superari.

1422 2925 1865 2936 ——-——-————-.-

1557 3078 1718 3150 XCI.

1531 3230 1586 3281 (f.
1616 3229 1754 3284 5³1³.)

1029 3345 1074 3394 1.
2197 3344 2243 3397 3.

487 3420 638 3491 Exm.
682 3446 794 3507 ego
839 3429 1091 3491 clericus
1667 3419 1773 3490 Ille
1816 3446 1989 3490 meus
2034 3433 2227 3493 tenuis

487 3529 561 3594 ad
604 3530 865 3591 laborem
907 3538 1076 3593 natus
1665 3532 1839 3593 nimis
1885 3537 1985 3593 est
2019 3534 2298 3604 amictus,

487 3632 729 3695 tribulor
771 3632 1124 3694 multociens
1667 3650 1811 3715 sepe
1854 3632 2038 3712 frigus
2079 3636 2267 3713 patior

488 3734 810 3814 paupertati
855 3731 1040 3794 datus.
1667 3734 1861 3795 calore
1907 3735 2160 3796 relictus.

1022 3851 1073 3905 2.
2203 3853 2251 3903 4.

488 3927 818 3998 Literarum
862 3935 1072 3997 studiis
1663 3929 1959 4003 Interesse
2002 3933 2267 4000 laudibus

487 4039 699 4102 vellem
742 4037 1048 4110 insudare,
1665 4058 1784 4100 non
1827 4058 2075 4118 possum
2118 4041 2357 4112 divinis,

486 4144 600 4207 nisi
643 4140 804 4223 quod
842 4141 1052 4220 inopia
1662 4158 1776 4203 nec
1818 4143 2000 4225 misse
2043 4161 2157 4204 nec
2199 4160 2487 4224 vespere,

490 4246 647 4326 cogit
685 4261 782 4305 me
804 4259 1081 4327 cessare.
1667 4242 1807 4304 dum
1852 4250 2121 4305 cante-tur
2161 4243 2307 4304 flnis.
