3155 4946
1581 810 1749 888 173.

1536 931 1774 985 (mnu.)

1228 1011 1354 1065 ’Do
1386 1010 1621 1065 enni&
1651 1011 1758 1064 vini
1791 1015 1845 1064 ct
1878 1025 2059 1079 aquae.

1044 1105 1092 1159 1.

498 1183 799 1255 Danau
838 1194 1086 1253 veritate

499 1295 922 1372 succinctaque
962 1292 1281 1365 brevitate,

502 1396 729 1460 ratione
771 1395 931 1457 varia

500 1498 667 1565 dico,
713 1494 873 1575 quud
917 1514 1033 1558 non
1078 1493 1343 1574 copulari

500 1598 718 1662 dehent
735 1643 752 1669 ,
794 1599 978 1660 immo
1020 1598 1283 1677 separari
1328 1585 1335 1592 ’

502 1717 623 1784 que
667 1705 807 1785 suut
848 1697 1199 1762 adversaria.

1044 1815 1095 1867 2.

504 1895 663 1966 Cum
708 1905 770 1965 in
814 1902 1039 1983 scypho
1082 1907 1452 1983 reponuntur

498 2008 701 2069 vinum
714 2051 731 2077 ‚
775 2021 928 2084 aqua
942 2050 959 2078 ,
1006 2008 1457 2086 coniunguntur.

501 2103 663 2168 Talis
707 2108 1063 2172 coniunctio.

498 2226 618 2270 non
642 2210 757 2269 *est
796 2209 978 2280 hona,
1024 2226 1139 2270 nec
1181 2207 1410 2272 laudari

501 2309 708 2381 debet,
753 2311 938 2373 immo
982 2312 1311 2390 nuncupari

500 2412 716 2475 melius
762 2411 1048 2475 contusio.

1041 2532 1089 2583 ³.

502 2606 778 2679 Vinum
819 2619 1002 2678 sentit
1046 2634 1260 2697 aquam
1302 2636 1547 2691 secum,

504 2718 715 2782 dolens
758 2719 978 2798 inquit:
1025 2721 1198 2800 “quis
1242 2727 1304 2782 te
1348 2737 1588 2782 mecum

502 2838 683 2885 ausus
727 2825 823 2880 est
863 2822 1224 2901 coniungere
1247 2820 1281 2882 ἲ

503 2923 722 3000 Surge,
767 2924 858 2984 exi
875 2966 891 2991 ‚
934 2922 1083 2985 vade
1127 2922 1319 2996 foras,

504 3040 617 3085 nec
662 3022 875 3085 eodem
918 3023 1054 3085 loco
1097 3042 1295 3087 moras

504 3142 743 3187 mecum
784 3122 970 3186 debes
1012 3126 1268 3189 facere.”

1047 3244 1098 3296 4.

507 3313 702 3391 “Vilis
747 3334 810 3391 et
849 3329 1246 3394 inverecunda

506 3435 685 3495 rimas
728 3433 932 3513 queris
947 3477 962 3502 ,
1008 3439 1075 3494 ut
1119 3432 1397 3497 inmunda

505 3532 710 3596 mundi
751 3533 884 3595 loca
929 3537 1178 3606 subeas;
1235 3517 1243 3528 ’

507 3652 689 3714 super
729 3641 948 3695 terram
992 3636 1176 3698 debes
1221 3639 1364 3709 teri,

449 3799 455 3804 ,
508 3742 571 3799 et
613 3753 752 3797 cum
794 3742 950 3798 terra
995 3739 1401 3811 commisceri,

506 3847 574 3903 ut
617 3841 677 3899 in
722 3838 914 3900 lutum
957 3840 1274 3902 transeas.”

1055 3960 1104 4011 5.

511 4028 760 4105 “Mensa
803 4060 912 4123 per
951 4049 1013 4105 te
1055 4064 1176 4107 non
1218 4052 1494 4119 ornatur,

509 4146 706 4209 nullus
750 4145 927 4207 homo
971 4146 1263 4211 fabulatur

509 4250 573 4310 in
614 4250 701 4310 tui
745 4239 1074 4333 presentia,
1127 4301 1137 4322 -.

1682 1192 1793 1256 sed
1834 1195 1938 1273 qui
1979 1194 2142 1272 prius
2186 1198 2281 1255 est
2321 1191 2644 1264 iucundus,

1684 1293 1883 1358 ridens
1925 1296 2227 1374 verboque
2251 1294 2563 1357 ›racundus

1684 1414 1802 1459 non
1845 1398 2064 1477 rumpit
2106 1396 2395 1459 silentia.”

2225 1515 2277 1566 Β.

1683 1584 1886 1663 “Cum
1928 1601 2062 1679 quis
2108 1598 2184 1662 de
2229 1603 2289 1661 tc
2329 1599 2483 1661 torte
2527 1607 2737 1678 potat,

1683 1704 1736 1764 si
1777 1703 1856 1764 sit
1896 1717 2112 1773 sanus,
2159 1709 2303 1762 tunc
2348 1707 2612 1784 egi-ctat:

1684 1803 2001 1871 conturbas
2043 1802 2356 1887 precordia
2369 1848 2387 1875 ,

1684 1910 1850 1967 tonat
1891 1909 2100 1966 venter
2116 1951 2133 1977 ,
2180 1906 2366 1982 surgit
2409 1910 2620 1966 ventus
2639 1946 2658 1974 ‚

1687 2008 1787 2086 qui
1831 2006 2096 2068 inclusus
2119 2053 2136 2078 ‚
2179 2024 2298 2068 non
2342 2005 2655 2084 ademptus

1686 2107 1870 2170 multa
1913 2107 2012 2170 dat
2056 2108 2397 2188 supplicia.”

2230 2226 2277 2276 7.

1685 2295 1860 2372 “Sed
1901 2328 2039 2373 cum
2081 2319 2300 2374 venter
2334 2319 2429 2374 est
2469 2309 2729 2397 inflatus,

1682 2419 1826 2477 tunc
1868 2411 2137 2478 diversos
2179 2404 2375 2477 reddit
2417 2412 2592 2476 tlatm

1684 2532 1758 2577 ex
1800 2522 2054 2595 utroque
2098 2523 2366 2596 gutture,

1684 2622 1748 2678 et
1790 2635 1928 2678 cum
1969 2618 2049 2678 ita
2093 2617 2474 2697 dispensatur

1683 2725 1924 2790 venter,
1968 2735 2070 2779 aer
2113 2718 2491 2799 perturbatur
2579 2785 2588 2794 ,
2673 2725 2682 2735 “

1685 2839 1720 2883 a
1764 2827 2044 2901 corrupto
2089 2820 2394 2882 munere.”

2220 2940 2274 2993 8.

1682 3016 1747 3088 Α
1765 3045 1857 3107 qu
1874 3044 1909 3087 a
1951 3033 2154 3087 contra
2198 3028 2388 3106 surgit
2428 3028 2541 3087 ita:

1683 3129 1911 3208 “turpis
1954 3129 2110 3189 iacet
2155 3134 2255 3189 tua
2297 3130 2418 3189 vita

1682 3234 1745 3293 in
1787 3247 1997 3308 magna
2043 3232 2301 3292 miseria.

1686 3332 1802 3406 Qui
1845 3338 1984 3393 sunt
2024 3333 2111 3393 tui
2157 3338 2492 3411 potatores,

1685 3437 1868 3497 vitam
1911 3432 2167 3512 perdunt
2210 3442 2388 3513 atque
2432 3452 2630 3495 mores

1685 3535 2001 3598 tendentes
2047 3532 2124 3596 ad
2165 3536 2364 3598 vitia.”

2227 3652 2276 3705 9.

1689 3725 1823 3800 “Tu
1866 3741 1985 3800 scis
2026 3738 2257 3817 linguas
2302 3739 2626 3819 impedire,
2733 3769 2748 3780 ν

1685 3840 1989 3904 titubando
2013 3841 2190 3903 ‘solet
2231 3844 2320 3902 ire

1686 3951 1790 4005 tua
1832 3959 2077 4004 sumens
2121 3945 2311 4012 basia,

1691 4045 1867 4107 verba
1911 4052 2076 4106 recte
2120 4064 2239 4106 non
2283 4046 2633 4108 discernens

1689 4153 1931 4210 centum
1971 4154 2142 4227 putat
2185 4165 2322 4209 esse
2367 4161 2619 4210 cernens

1688 4248 1807 4313 duo
1850 4248 2213 4338 luminaria?
